2817 4425
627 425 702 477 cnr.
723 428 798 487 1-3,
817 425 843 492 ς.
860 426 935 476 sao.
1224 426 1245 489 5

1110 542 1283 628 ,chnut

277 638 391 679 verum
419 613 620 679 inclusum
611 636 646 677 ιιι
675 612 818 696 tabulis,
853 622 1023 698 tamquam
1057 616 1091 678 iu
1110 633 1244 696 vagrua

275 716 428 781 recondit
415 725 501 798 tum,
524 737 587 800 quo
611 738 654 779 ex
677 724 815 780 senatus
838 715 991 781 consulto
1015 716 1190 781 confestim
1211 725 1244 779 te

276 818 488 882 interfectum
504 839 587 898 esse,
604 816 764 899 Catilina,
788 820 955 883 convenit.
977 818 1085 899 Vivis,
1108 827 1141 881 et
1157 818 1243 881 vivis

275 943 342 985 non
365 921 411 985 ad
434 920 674 1005 deponendam,
704 920 765 985 sed
788 921 833 985 ad
856 921 1119 986 confirmandam
1141 919 1243 984 auda·

255 1026 373 1087 sciam.
418 1020 539 1107 Cupio,
567 1033 680 1108 patres
704 1024 905 1108 conscripti,
932 1046 984 1088 me
1008 1046 1081 1088 esse
1103 1022 1243 1087 clemen·

276 1137 353 1208 tem,
376 1127 475 1209 cupio
498 1126 532 1188 in
555 1127 661 1189 tantis
684 1125 909 1210 reipublicae
931 1126 1089 1211 periculis
1111 1145 1244 1190 menon

278 1227 476 1292 dissolutum
491 1227 609 1309 videri,
633 1228 693 1292 sed
716 1230 784 1293 iam
804 1252 858 1294 me
880 1231 952 1313 ipse
968 1232 1109 1294 inertiae
1131 1230 1244 1313 nequi·

277 1333 411 1414 tiaeque
439 1329 634 1394 condemno.
679 1328 804 1395 Castra
833 1341 910 1395 sunt
940 1333 974 1395 in
1002 1331 1103 1395 Italia
1126 1340 1266 1395 contrat

277 1431 430 1516 populum
451 1432 635 1495 Romanum
659 1433 693 1496 in
708 1432 867 1496 Etruriae
890 1433 1044 1498 faucibus
1067 1433 1245 1515 collocata,

244 1536 396 1598 rocrescit
420 1538 454 1597 in
478 1532 550 1597 dies
575 1533 725 1616 singulos
754 1533 900 1598 hostium
927 1556 1099 1599 uumerus:
1133 1557 1245 1599 eorum

276 1645 387 1700 autem
415 1643 602 1699 castrorum
631 1637 865 1719 imperatorem
889 1635 1072 1721 ducemque
1100 1636 1245 1701 hostium

274 1740 364 1803 intra
386 1739 642 1821 moeniasatque
666 1737 751 1802 adeo
779 1739 815 1802 in
845 1748 966 1803 senatu
989 1739 1138 1803 videmus
1161 1740 1245 1803 inte·

275 1842 398 1906 stiuam
422 1839 570 1924 aliquam
591 1839 717 1904 cotidie
739 1842 922 1924 perniciem
944 1843 993 1905 rei
1008 1840 1163 1925 publicae
1177 1863 1245 1907 mo·

274 1944 420 2007 lientem.
445 1939 481 2005 Si
492 1952 526 2006 te
540 1944 616 2024 iam,
624 1939 784 2023 Catilina,
799 1943 1045 2026 comprehendi,
1061 1945 1089 2007 si
1102 1944 1245 2010 interfici

181 2071 207 2111 ,τι
242 2066 267 2108 rs
276 2047 415 2126 iussero,
427 2044 538 2125 credo,
552 2046 615 2108 erit
627 2044 914 2127 verendummihi,
927 2068 969 2109 ne
980 2067 1047 2109 non
1059 2048 1170 2131 potius
1181 2047 1245 2110 hoc

276 2168 390 2211 omnes
412 2146 492 2211 boni
516 2148 623 2211 serius
647 2169 667 2211 a
689 2169 742 2212 me
765 2168 865 2232 quam
880 2149 1055 2233 quisquam
1076 2147 1244 2214 crudelius

275 2249 402 2314 factum
413 2272 487 2314 esse
501 2249 603 2315 dicat.
626 2249 753 2315 Verum
765 2271 827 2332 ego
839 2250 913 2330 hoo,
930 2249 1043 2334 quod
1034 2272 1101 2313 ram
1115 2250 1245 2334 pridem

274 2353 344 2415 fact
331 2360 401 2416 tum
423 2374 497 2416 esse
526 2353 689 2437 oportuit,
680 2361 818 2517 ,perta
830 2351 871 2415 de
894 2372 997 2415 causa
1020 2352 1167 2416 nondum
1189 2352 1245 2417 ad·

276 2454 380 2517 ducor
390 2462 427 2517 ut
445 2454 578 2518 faciam
601 2453 686 2518 Tum
726 2474 846 2538 enrque
860 2454 1071 2535 interficiere,
1087 2477 1163 2519 cum
1178 2456 1245 2520 iam

241 2577 370 2619 ronemo
393 2564 463 2619 tam
486 2555 667 2640 improbus,
689 2565 761 2621 tam
774 2555 936 2640 perditus,
960 2566 1031 2620 tam
1051 2559 1102 2620 tui
1126 2556 1244 2622 similis

275 2659 419 2722 inveniri
431 2660 565 2743 poterit,
579 2659 635 2742 qui
647 2658 683 2722 id
694 2680 762 2722 non
774 2660 847 2722 iure
858 2660 984 2723 factum
1002 2680 1076 2723 csse
1087 2659 1245 2723 fateatur.

276 2759 445 2839 Quamdiu
467 2761 642 2844 quisquam
666 2762 741 2842 erit,
772 2762 829 2845 qui
851 2769 885 2823 te
908 2759 1088 2824 defendere
1112 2761 1264 2840 audeam

275 2864 379 2943 vives,
404 2871 436 2924 et
459 2863 554 2926 vives
577 2863 636 2942 ita,
659 2862 817 2944 utrivis,
844 2860 959 2925 multis
981 2864 1063 2925 meis
1087 2871 1120 2925 et
1141 2862 1244 2926 firmis

275 2961 455 3047 praesidiis
480 2963 649 3043 obsessus,
677 2985 721 3026 ne
743 2983 952 3027 commovere
979 2974 1013 3027 te
1036 2974 1154 3028 contra
1176 2986 1246 3028 rem

241 3063 443 3149 republicam
457 3067 576 3148 possis.
599 3064 781 3129 Multorum
802 3075 837 3129 te
860 3066 961 3129 etiam
981 3065 1068 3129 oouli
1093 3075 1126 3130 et
1148 3089 1245 3131 aures
1292 3148 1295 3151 ι

275 3189 341 3230 non
355 3168 563 3257 sentientem,
580 3169 667 3231 sicut
680 3166 791 3233 adhuc
806 3167 967 3249 fecerunt,
984 3167 1246 3251 speculabuntur
1265 3161 1290 3236 N

275 3278 377 3353 atque
399 3288 418 3330 c
443 3267 599 3331 stodient.

376 3276 589 3434 Etl‘nimt
534 3369 615 3453 quid
638 3378 699 3450 est,
724 3367 884 3453 Catilina,
908 3370 1085 3455 quodiam
1102 3371 1275 3472 amplipss

258 3482 462 3575 exspectes,
486 3474 515 3536 si
537 3493 643 3556 neque
663 3493 733 3536 nox
755 3473 903 3537 tenebris
926 3471 1107 3536 obscurare
1130 3469 1263 3537 coetus
1317 3478 1320 3490 '

243 3534 433 3656 wolfarius
454 3595 516 3637 nec
550 3574 685 3658 privata
714 3574 829 3638 domus
859 3575 1044 3690 parietibus
1073 3577 1244 3640 continere

276 3696 374 3739 voces
397 3677 638 3740 coniurationis
663 3685 741 3740 tuae
764 3685 883 3758 potest,
917 3678 945 3739 si
969 3675 1191 3754 illustrantur,
1215 3680 1244 3743 si
