2817 4425
429 913 707 1011 ORATIO
739 915 1040 1013 TERTIA

485 1082 656 1146 unsrun
678 1082 727 1146 m
749 1080 987 1147 scurrone.

583 1434 875 1491 mountabouns.

280 1598 284 1607 ³
351 1540 449 1590 Paucis
463 1539 556 1589 diebus
569 1545 711 1605 postquam
724 1538 810 1587 altera
828 1540 857 1587 in
870 1539 1016 1589 Catilinam
1030 1542 1114 1590 oratio
1126 1540 1221 1590 habita

250 1630 426 1691 erat,nuntius
443 1626 556 1675 Romam
575 1626 675 1675 allatus
694 1631 743 1686 est,
767 1623 912 1673 Catilinam
931 1642 991 1676 oum
1008 1627 1127 1675 fascibus
1145 1625 1220 1675 aliis·

251 1725 301 1774 que
320 1711 470 1761 consularis
488 1711 595 1775 imperii
613 1710 764 1774 insignibus
776 1710 804 1758 in
818 1716 906 1759 castra
923 1710 959 1759 ad
970 1710 1103 1759 Manlium
1114 1726 1143 1761 se
1156 1726 1220 1760 con·

251 1795 353 1846 tulisse.
377 1794 526 1859 Utrumque
538 1796 622 1859 igitur
634 1794 738 1843 hostem
749 1794 880 1843 iudicavit
889 1800 998 1844 senatus
1011 1800 1038 1844 et
1049 1794 1177 1855 decrevit,
1190 1803 1221 1844 ut

251 1880 375 1931 consules
394 1879 524 1929 dilectum
542 1879 679 1943 haberent,
700 1880 832 1927 Antonius
851 1894 911 1928 cum
930 1880 1050 1929 exercitu
1067 1880 1220 1929 coniuratos

252 1969 464 2031 persequeretur,
483 1963 577 2013 Cicero
595 1965 657 2012 urbi
674 1963 809 2027 praesidio
828 1969 908 2015 esset.
932 1964 1018 2013 Erant
1035 1963 1082 2013 illo
1100 1970 1220 2028 tempore

251 2051 351 2099 Romae
368 2049 453 2114 legati
471 2047 653 2113 Allobrogum.
689 2048 726 2096 Hi
751 2064 811 2097 cum
836 2063 884 2112 per
901 2048 1067 2098 Umbrenum
1085 2049 1219 2113 quendam

251 2141 443 2200 temptarentur
466 2150 483 2185 a
499 2134 632 2197 Lentulo,
650 2136 698 2198 qui
720 2132 755 2182 ad
778 2133 845 2182 belli
868 2135 1024 2183 societatem
1047 2148 1093 2183 eos
1116 2133 1219 2197 impelli

253 2236 329 2285 posse
347 2222 480 2285 sperabat,
500 2221 554 2284 diu,
572 2220 637 2285 quid
655 2221 783 2282 facerent,
803 2219 983 2268 haesitabant„
1019 2220 1140 2269 Tandem
1158 2236 1218 2269 curn

252 2308 282 2369 Q.
295 2307 381 2355 Fabio
395 2305 493 2370 Sanga,
511 2306 628 2356 civitatis
641 2311 762 2370 patrono,
781 2310 865 2354 totam
876 2321 933 2354 rem
952 2306 1220 2354 communicaverunt

253 2407 373 2456 eumque,
398 2391 463 2455 quid
482 2390 534 2440 sibi
551 2391 704 2441 faciendum
729 2397 806 2451 esset,
832 2390 1032 2440 consuluerunt
1068 2390 1121 2438 Per
1140 2405 1219 2452 quem

253 2475 346 2525 Cicero
366 2475 398 2524 de
422 2475 542 2524 consiliis
560 2475 762 2524 coniuratorum
785 2475 882 2523 certior
905 2474 1008 2535 factus,
1032 2476 1166 2539 persuasit
1182 2474 1221 2524 le-

253 2561 330 2627 gatis,
347 2565 378 2609 ut
395 2559 487 2608 favere
500 2574 529 2608 se
542 2574 622 2623 quarn
640 2560 755 2608 manime
774 2559 954 2608 coniurationi
972 2559 1131 2608 simularent
1147 2564 1175 2608 et
1192 2560 1220 2608 id

252 2650 315 2695 ante
332 2645 424 2695 omnia
441 2648 560 2708 agerent,
583 2649 614 2692 ut
636 2642 742 2692 litterae
765 2643 818 2693 sibi
842 2659 858 2692 a
880 2644 1026 2692 coniuratis
1044 2644 1219 2694 traderentur.

254 2730 359 2780 atenim
377 2729 432 2778 iam
450 2727 550 2777 dudum
569 2729 647 2777 enixe
666 2743 774 2793 operam
789 2729 870 2778 dabat
883 2727 990 2788 consul,
1013 2733 1044 2778 ut
1065 2727 1170 2778 litterae
1193 2736 1221 2778 et

255 2817 332 2880 signa
354 2815 555 2863 coniuratorum
581 2817 664 2862 testes
691 2812 828 2862 manifesti
856 2812 966 2862 sceleris
989 2817 1099 2877 possent
1126 2812 1220 2879 depre-

254 2899 342 2950 hendi.
382 2899 477 2963 Itaque
504 2897 588 2962 legati
610 2897 802 2962 Allobrogum,
827 2897 875 2946 ubi
897 2912 914 2946 a
936 2897 1066 2959 Lentulo,
1093 2897 1221 2964 Cethego,

255 2983 369 3034 Gabinio
392 2985 497 3034 litteras
520 2989 692 3048 acceperunt,
716 2990 853 3048 tamquam
876 2982 985 3034 domurn
1007 2983 1154 3048 profecturi
1189 3001 1222 3035 ex

255 3071 319 3120 urbe
339 3070 462 3118 exierunt
479 3084 512 3119 ea
530 3073 616 3130 nocte,
640 3084 710 3132 quae
729 3074 787 3118 erat
804 3070 874 3118 inter
891 3083 915 3118 a.
935 3069 959 3118 d.
977 3069 1025 3120 IV.
1043 3075 1070 3120 et
1086 3070 1134 3123 III.
1152 3069 1221 3130 Non.

253 3157 318 3204 Dec.
338 3151 411 3218 (2.13.
429 3153 506 3217 Dec.)
529 3168 584 3203 una
611 3168 671 3202 cum
694 3153 725 3202 Τ.
744 3152 898 3215 Volturcio,
925 3155 972 3218 qui
998 3154 1033 3204 iis
1060 3170 1148 3204 comes
1174 3153 1221 3202 ad-

255 3241 325 3289 ditus
350 3243 408 3287 erat
431 3253 448 3287 a
465 3237 588 3288 Lentulo.
626 3237 679 3287 Sed
703 3239 778 3287 iussn
801 3237 938 3288 Ciceronis
963 3240 992 3286 in
1015 3244 1095 3303 ponte
1119 3238 1221 3288 Mulvio

255 3322 442 3388 comprehensi
460 3329 523 3372 sunt
539 3339 588 3388 per
605 3322 734 3372 Flaccum
753 3329 780 3372 ct
797 3322 968 3388 Pomptinum
986 3329 1129 3387 praetores.
1152 3322 1221 3373 Tum

256 3409 350 3459 Cicero
369 3423 393 3458 a
406 3408 431 3457 d.
443 3408 493 3457 111.
511 3408 579 3458 Non.
599 3408 665 3459 Deo.
684 3413 806 3457 senatum
824 3410 853 3456 in
871 3408 963 3457 aedem
978 3407 1140 3457 Concordiae
1159 3423 1222 3457 con·

255 3494 363 3545 vocavit
393 3494 529 3544 arcessitis
557 3499 584 3542 et
610 3492 746 3543 indicibus
775 3500 802 3542 et
828 3495 994 3558 principibus
1021 3493 1222 3543 coniurationis.
1248 3539 1252 3542 .

256 3577 299 3629 lbi
315 3577 449 3629 coniurati
474 3594 533 3628 curn
552 3579 627 3627 initio
646 3576 756 3627 infitiari
776 3578 833 3627 ausi
852 3586 954 3639 essent,
977 3592 1037 3627 mox
1054 3575 1176 3626 Volturci
1195 3585 1222 3627 et
