2817 4425
526 453 602 504 cur.
621 455 696 516 1-1,
715 456 739 520 s.
759 457 864 506 10-14.
1135 461 1176 524 25

211 641 414 727 appellavit?
430 647 503 727 quis
517 643 701 709 salutavit?
714 647 788 729 quis
804 645 945 729 denique
958 647 1007 708 ita
1020 643 1176 727 adspexit

117 755 123 758 ’
208 755 244 808 ut
257 745 597 829 perditumcivem,ac
609 768 676 811 non
688 749 800 831 potius
808 757 844 810 ut
858 749 1177 832 importunissimum

208 847 359 911 hostem?
388 850 465 930 quin
490 850 591 913 etiam
612 851 780 938 principes
805 852 874 913 eius
899 849 1026 914 ordinis
1049 857 1178 933 partem

115 1016 123 1029 κ
208 948 300 1012 illam
317 949 560 1031 subselliorum,
577 951 622 1014 ad
638 973 737 1036 quam
753 951 810 1016 1111
827 961 1030 1032 accesserat,
1053 950 1177 1014 nudam

189 1061 309 1136 satque
331 1054 465 1116 inanem
487 1052 694 1137 reliquerunt
708 1054 817 1117 -hic
840 1075 902 1136 ego
919 1053 1096 1116 vehemens
1119 1050 1210 1116 111111

208 1153 335 1234 consul,
359 1157 414 1237 qui
430 1154 532 1218 verbo
556 1158 647 1219 cives
671 1158 706 1219 in
731 1156 886 1220 exsilium
908 1157 1004 1235 eicio,
1027 1155 1176 1238 quaesivi

208 1279 228 1320 a
244 1253 403 1335 Catilina,
426 1258 461 1318 in
483 1266 646 1320 nocturno
670 1268 839 1322 conventu
862 1257 951 1341 apud
973 1255 1016 1318 M.
1028 1255 1177 1320 Laecam

208 1359 324 1422 fuisset
353 1380 469 1422 necne.
514 1358 597 1424 Cum
627 1359 684 1424 ille
713 1359 809 1424 homo
834 1360 1077 1424 audacissimus
1100 1378 1176 1420 con·

210 1463 350 1525 scientia
362 1463 536 1526 convictus
549 1463 654 1546 primo
671 1464 872 1544 reticuisset,
888 1462 1033 1546 patefeci
1049 1470 1176 1540 cetera,

177 1563 288 1648 inquid
311 1551 350 1627 ea
372 1573 470 1628 nocte
498 1567 639 1647 egisset,
669 1565 750 1650 quid
778 1567 813 1628 in
839 1567 1026 1648 proximam
1055 1563 1177 1624 consti·

207 1668 336 1747 tuisset,
360 1688 456 1750 quem
479 1666 523 1730 ad
538 1666 672 1729 modum
695 1676 782 1730 esset
807 1669 837 1729 ei
860 1667 946 1729 ratio
969 1667 1072 1730 totius
1095 1663 1176 1727 belli

209 1768 388 1850 descripta,
411 1767 538 1830 edocui.
577 1765 660 1830 Cum
675 1766 871 1860 haesitaret,
894 1789 969 1830 cum
995 1777 1175 1845 teneretur,

208 1872 368 1954 quaesivi,
381 1869 461 1953 quid
471 1869 639 1932 dubitaret
651 1870 817 1955 proficisci
830 1892 879 1952 eo,
892 1890 956 1953 quo
968 1862 1176 1954 iampridem

207 1982 353 2056 pararet,
376 1994 450 2035 cum
473 1994 577 2052 arma,
601 1995 676 2035 cum
699 1995 843 2052 secures,
867 1993 942 2035 cum
958 1973 1077 2054 fasces,
1101 1994 1176 2036 cum

176 2073 317 2154 utubas,
340 2095 415 2136 cum
432 2075 529 2156 signa
545 2074 716 2154 militaria,
740 2097 815 2139 cum
839 2074 986 2159 aquilam
1009 2074 1101 2138 illam
1124 2099 1175 2138 ar·

207 2186 372 2258 genteam,
389 2178 443 2241 cui
455 2176 512 2241 ille
529 2178 629 2241 etiam
642 2179 826 2242 sacrarium
840 2177 928 2241 domi
946 2199 1027 2241 suae
1039 2178 1175 2258 fecerat,

207 2281 326 2343 scirem
339 2302 411 2344 esse
422 2283 650 2364 praemissam.
673 2282 713 2345 In
726 2280 881 2345 exsilium
895 2281 1066 2362 eiciebam,
1080 2303 1176 2365 quem
1186 2300 1210 2337 1⁴

207 2384 273 2445 iam
296 2383 483 2463 ingressum
507 2405 580 2446 esse
603 2384 638 2446 in
660 2382 787 2446 bellum
809 2382 989 2446 videbam?
1031 2382 1184 2461 Etenim,-

207 2484 318 2567 oredo,
333 2484 479 2549 Manlius
495 2487 561 2548 iste
577 2487 739 2564 centurio,
763 2487 820 2569 qui
836 2487 869 2547 in
886 2506 968 2567 agro
983 2484 1175 2550 Faesulano

175 2596 321 2649 socastra
343 2589 471 2671 posuit,
501 2586 625 2651 bellum
648 2586 770 2671 populo
789 2588 938 2651 Romano
962 2610 1020 2652 suo
1043 2590 1176 2653 nomine

207 2689 346 2767 indixit,
370 2698 402 2752 et
427 2688 486 2752 illa
509 2700 624 2753 castra
647 2711 736 2753 nunc
759 2711 826 2753 non
849 2687 1033 2753 Catilinam
1056 2690 1175 2754 ducem

208 2799 415 2875 exspectant,
432 2800 464 2853 et
481 2790 537 2853 ille
554 2792 678 2855 eiectus
703 2792 737 2853 in
754 2791 910 2855 exsilium
927 2813 963 2855 se
978 2791 1174 2871 Massiliam,

208 2902 244 2955 ut
267 2896 372 2972 aiunt,
395 2914 462 2955 non
485 2894 520 2956 in
543 2892 626 2956 haec
650 2902 764 2956 castra
788 2893 947 2957 conferet.

310 2994 339 3059 Ο
352 2994 582 3058 condicionem
589 2998 745 3059 miseram
757 2995 928 3059 nonmodo
937 2995 1200 3059 administren-7

174 3116 198 3155 as
209 3095 281 3175 dae,
305 3118 420 3159 verum
437 3099 538 3160 etiam
554 3096 808 3160 conservandae
823 3099 872 3160 rei
883 3096 1055 3181 publicae!
1078 3098 1174 3162 Nunc

207 3200 235 3263 si
247 3197 287 3261 L.
300 3195 448 3260 Catilina
465 3198 624 3279 consiliis,
641 3197 823 3278 laboribus,
839 3198 998 3282 periculis
1014 3200 1096 3262 meis
1112 3202 1174 3264 cir·

206 3300 396 3366 cumclusus
413 3322 453 3363 ac
468 3300 663 3364 debilitatus
682 3300 791 3364 subito
807 3302 1025 3384 pertimuerit,
1043 3312 1175 3365 senteu-

206 3404 299 3467 tiam¹
317 3403 512 3483 mutaverit,
548 3402 732 3466 deseruerit
762 3424 855 3483 suos,
889 3401 1066 3466 consilium
1095 3403 1174 3467 belli

207 3506 353 3572 faciendi
377 3505 538 3570 abiecerit
561 3515 593 3568 et
610 3528 653 3569 ex
668 3505 730 3568 hoc
747 3526 847 3568 cursu
871 3504 1006 3567 sceleris
1030 3527 1070 3568 ae
1093 3504 1174 3569 belli

175 3612 271 3673 aiter
286 3608 331 3673 ad
346 3608 460 3690 fugam
471 3618 571 3692 atque
587 3610 622 3671 in
635 3607 789 3671 exsilium
805 3608 1020 3688 converterit,
1035 3629 1102 3670 non
1117 3608 1174 3671 ille

208 3734 228 3774 a
250 3733 302 3775 me
326 3710 488 3795 spoliatus
512 3711 613 3774 armis
637 3709 816 3790 audaciae,
839 3731 907 3773 non
924 3708 1173 3793 obstupefactus
