2817 4425
225 463 267 525 40
525 465 563 513 IN
580 465 610 514 L.
630 463 828 513 CATILINAM
845 462 886 511 111

224 655 276 731 iis,
301 676 398 737 qnam
422 654 463 717 ob
487 677 555 719 rem
572 654 704 717 domum
727 675 819 715 suam
842 651 1024 730 venissent,
1047 652 1197 733 itemque

224 757 440 823 aVolturcio.
465 758 528 838 Qui
545 770 619 821 cunr
634 756 683 820 illi
698 756 846 819 brevitor
861 762 1119 837 constanterque
1144 777 1196 817 re-

225 860 447 945 spondissent,
474 882 534 945 per
557 881 653 944 quem
676 858 721 921 ad
744 880 819 920 eum
842 857 1059 940 quotiensque
1082 859 1196 919 venis·

224 972 307 1044 sent,
331 964 607 1047 quaesissentque
623 961 666 1024 ab
683 982 731 1039 eo,
754 959 881 1023 nihilne
904 979 1016 1022 secum
1040 964 1127 1022 esset
1152 958 1196 1022 de

223 1063 304 1127 fatis
321 1062 496 1149 Sibyllinis
519 1064 662 1145 loeutus,
685 1073 756 1127 tum
778 1062 835 1125 ille
859 1061 968 1124 subito
993 1060 1119 1125 scelere
1135 1059 1220 1129 ‹le-s

223 1188 327 1249 mens,
346 1175 471 1251 quanta
490 1165 781 1231 conscientiaevis
800 1173 899 1245 esset,
916 1162 1072 1227 ostendit.
1105 1162 1194 1227 Nam

222 1288 297 1331 cum
319 1266 355 1331 id
376 1276 490 1352 posset
512 1267 660 1344 infitiari,
689 1276 825 1350 repente
847 1275 981 1351 praeter
1004 1266 1195 1349 opinionem

223 1371 367 1436 omnium
383 1369 554 1433 confessus
572 1378 632 1432 est.
666 1368 721 1433 Ita
736 1390 810 1432 eum
825 1389 891 1431 non
906 1366 1004 1431 modo
1021 1368 1194 1449 ingenium

222 1470 307 1537 illud
330 1480 363 1534 et
379 1470 513 1535 dicendi
536 1472 744 1552 exercitatiO,
768 1491 833 1555 qua
850 1492 978 1555 semper
992 1469 1110 1551 valuit,
1133 1468 1194 1533 sed

224 1576 325 1640 etiam
346 1582 482 1658 propter
503 1575 571 1637 vim
595 1574 732 1637 sceleris
756 1573 924 1637 manifesti
952 1581 1053 1657 atque
1077 1570 1193 1656 depre·
1204 1601 1233 1639 10

223 1678 320 1741 hensi
342 1675 558 1760 impudentia,
588 1698 654 1761 qua
677 1675 857 1760 superabat
882 1696 1004 1755 omnes,
1035 1672 1192 1758 improbi·

190 1790 343 1863 natasque
360 1776 491 1842 defecit.
516 1778 709 1842 Volturcius
726 1799 805 1841 vero
830 1776 939 1842 subito
963 1777 1095 1841 litteras
1117 1799 1192 1861 pro·

223 1882 301 1945 ferri
330 1888 431 1965 atque
453 1881 576 1965 aperiri
604 1880 713 1961 iubet,
743 1902 825 1965 quas
850 1880 914 1944 sibi
938 1903 958 1943 a
980 1879 1123 1944 Lentulo
1147 1880 1193 1944 ad

223 1981 405 2046 Catilinam
423 1982 521 2046 datas
545 2005 619 2046 esse
636 1982 781 2047 dicebat.
814 1983 925 2067 Atque
949 1982 996 2046 ibi
1018 1983 1192 2047 vehemen-

222 2086 351 2149 tissime
373 2084 588 2170 perturbatus
610 2084 775 2149 Lentulus
798 2094 912 2149 tamen
942 2096 975 2148 et
1004 2087 1136 2168 signum
1159 2094 1192 2148 et
1202 2109 1230 2148 15

222 2209 357 2253 manum
381 2209 475 2252 suam
498 2188 667 2270 cognovit.
695 2186 804 2252 Erant
819 2196 932 2252 autem
956 2189 1026 2252 sine
1048 2188 1192 2265 nomine,

223 2289 283 2354 sed
305 2291 372 2356 ita:
399 2281 494 2368 ‘Quis
516 2292 588 2370 sim,
612 2292 699 2354 scies
724 2313 767 2354 ex
790 2312 838 2370 eo,
863 2312 959 2374 quem
982 2289 1027 2354 ad
1048 2301 1083 2354 te
1105 2292 1192 2355 misi.

222 2390 321 2473 Cura,
344 2401 381 2456 ut
397 2394 450 2455 vir
467 2394 525 2474 sis,
551 2402 584 2456 et
599 2394 722 2474 cogita,
740 2414 837 2476 quem
859 2393 893 2455 in
916 2391 1026 2457 locum
1049 2394 1095 2456 sis
1117 2415 1192 2476 pro·

223 2515 374 2576 gressus3
397 2493 485 2575 vide,
502 2493 621 2579 ecquid
634 2493 699 2557 tibi
723 2495 789 2557 iam
812 2496 856 2557 sit
871 2515 1020 2577 necesse,
1044 2505 1077 2558 et
1100 2517 1192 2577 cura,

222 2605 258 2659 ut
275 2597 420 2659 omnium
435 2595 499 2658 tibi
516 2594 644 2659 auxilia
660 2595 838 2678 adiungas,
863 2599 963 2660 etiam
986 2596 1229 2661 infimorum.’2o

224 2695 390 2761 Gabinius
403 2696 525 2760 deinde
540 2697 763 2777 introductus,
779 2719 854 2761 cum
865 2700 970 2784 primo
983 2698 1194 2784 impudenter

223 2797 424 2884 respondero
453 2800 635 2883 coepisset,
670 2799 715 2863 ad
743 2810 927 2864 extremum
955 2800 1040 2866 nihil
1069 2824 1111 2866 ex
1139 2801 1192 2884 iis,

191 2918 308 2986 uquae
321 2897 413 2965 Galli
428 2899 679 2982 insimulabant,
702 2905 850 2985 negavit.
884 2903 934 2966 Ac
949 2904 1030 2968 mihi
1049 2902 1193 2990 quidem,

224 3001 383 3084 Quirites,
406 3023 482 3066 oum
503 3001 561 3066 illa
585 3003 773 3068 certissima
796 3006 871 3068 visa
895 3015 971 3068 sunt
995 3015 1192 3089 argumenta

222 3114 322 3190 atque
337 3104 463 3169 indicia
480 3104 627 3187 sceleris,
650 3105 808 3189 tabellae,
832 3109 939 3189 signa,
955 3131 1084 3191 manus,
1101 3109 1228 3174 deni-2⁵

222 3227 285 3291 que
307 3207 406 3269 unius
429 3206 588 3290 cuiusque
611 3208 793 3290 confessio,
823 3218 893 3273 tum
921 3210 1024 3275 multo
1048 3213 1192 3276 certiora

222 3306 291 3388 illa,
323 3306 429 3389 color,
458 3307 561 3389 oculi,
591 3308 720 3391 vultus,
748 3312 975 3375 taciturnitas.
1020 3311 1076 3376 Sic
1105 3315 1193 3378 enim

222 3408 478 3493 obstupuerant,
508 3411 556 3472 sie
585 3419 710 3476 terram
738 3412 970 3496 intuebantur,
1001 3415 1050 3478 sic
1078 3415 1193 3482 furtim

222 3533 287 3575 non
326 3532 496 3594 nunquam
530 3514 618 3574 inter
651 3535 724 3576 sese
764 3514 1011 3597 adspiciebant,
1050 3524 1086 3579 ut
1125 3538 1193 3582 non

221 3615 288 3677 iam
316 3612 359 3677 ab
383 3612 460 3676 aliis
484 3612 643 3694 indicari,
674 3614 735 3679 sed
763 3615 911 3681 indicar⁶
944 3638 976 3674 sc
1006 3617 1070 3699 ipsi
1098 3617 1228 3681 vide-so

223 3722 336 3777 rentur
1002 3727 1004 3730 '
