2817 4425
524 440 602 491 cnr.
619 441 713 502 o-rr,
729 439 755 505 a.
774 441 880 491 re-aa
1102 400 1104 404 ⁸
1147 437 1189 501 63

219 651 319 716 quam
334 651 463 713 curare,
478 640 515 693 ut
532 632 634 694 etiam
648 629 709 711 illi,
725 632 782 713 qui
797 629 931 710 absunt,
946 627 1104 709 babeant,
1124 647 1189 712 quo

218 734 365 797 victores
380 741 602 797 revertantur.
640 731 852 816 Quamquam
867 740 917 795 est
932 752 998 794 uno
1013 729 1088 793 loco
1111 749 1223 801 con-2

220 834 307 898 dicio
334 833 452 899 melior
480 844 641 898 externae
662 835 827 898 victoriae
853 853 953 916 quam
975 832 1189 925 domesticae,

218 936 308 1021 quod
330 936 442 1001 hostes
471 936 682 1018 alienigenae
704 944 762 998 aut
786 936 935 1018 oppressi
958 933 1107 998 serviunt
1131 942 1190 995 aut

197 1040 344 1124 trecepti
359 1037 521 1103 beneficio
539 1060 573 1102 se
590 1036 759 1119 obligatos
781 1045 912 1121 putant,
933 1038 990 1120 qui
1013 1043 1124 1099 autem
1146 1056 1189 1098 ex

218 1161 355 1204 numero
378 1142 502 1205 civium
526 1139 693 1203 dementia
717 1138 831 1224 aliqua
860 1138 1036 1223 depravati
1074 1135 1187 1200 hostes

217 1244 350 1327 patriae
373 1242 474 1307 semel
498 1264 572 1306 esse
594 1249 792 1326 coeperunt,
821 1262 877 1304 eos
900 1262 976 1304 cum
998 1262 1019 1303 a
1039 1239 1188 1323 pernicie

216 1346 267 1410 rei
287 1343 445 1429 publicae
466 1343 661 1430 reppuleris,
688 1364 751 1407 nec
766 1345 802 1406 vi
827 1353 983 1407 coercere
1004 1361 1067 1406 nec
1089 1339 1188 1404 bene·

216 1446 294 1511 ficio
304 1446 442 1531 placare
456 1448 576 1532 possis.
600 1444 712 1524 Quare
723 1445 803 1509 mihi
816 1465 890 1509 cum
902 1444 1042 1529 perditis
1058 1442 1188 1507 civibus

184 1557 390 1615 roaeternum
401 1547 525 1613 bellum
537 1556 727 1631 susceptum
739 1569 813 1610 esse
824 1547 933 1610 video.
948 1546 989 1610 Id
1001 1566 1063 1628 ego
1074 1555 1187 1610 vestro

216 1648 445 1734 bonorumque
467 1652 613 1714 omnium
628 1649 756 1713 auxilio
772 1652 996 1733 memoriaque
1019 1657 1188 1712 tantorum

215 1750 452 1837 periculorum,
482 1773 567 1837 quae
595 1773 661 1815 non
690 1751 788 1815 modo
811 1753 846 1815 in
874 1750 936 1815 hoc
965 1750 1103 1836 populo,
1131 1751 1188 1835 qui

217 1863 370 1917 servatus
387 1864 448 1934 est,
472 1852 532 1916 sed
547 1854 582 1917 in
598 1854 743 1915 omnium
759 1853 908 1934 gentium
925 1850 1130 1915 sermonibus
1146 1871 1186 1914 ac

216 1954 383 2020 mentibus
408 1976 537 2039 semper
559 1954 722 2035 haerebit,
752 1976 773 2017 a
793 1975 846 2017 me
868 1963 968 2038 atque
991 1976 1011 2017 a
1033 1956 1115 2017 meis
1138 1954 1186 2018 fa·

184 2056 282 2125 racile
303 2056 492 2141 propulsari
514 2078 613 2141 posse
634 2055 773 2120 confido.
808 2056 923 2139 Neque
944 2055 1015 2118 ulla
1036 2056 1186 2139 profecto

216 2159 1186 2246 tantavisreperietur,quaeconiunctionemvestramequi·

216 2271 351 2346 tumque
372 2260 596 2325 Romanorum
618 2273 650 2325 et
674 2272 805 2326 tantam
826 2264 1108 2346 conspirationem
1129 2261 1184 2325 bo·

215 2384 333 2428 norum
348 2365 493 2426 omnium
509 2364 720 2446 confringere
736 2375 769 2428 et
784 2363 992 2428 labefactare
1007 2365 1123 2448 possit.

301 2463 396 2544 Quae
418 2486 493 2530 cum
516 2468 565 2530 ita
589 2469 665 2548 sint,
688 2489 748 2551 pro
771 2469 917 2552 imperio,
940 2489 999 2552 pro
1023 2467 1185 2549 exercitu,
1199 2478 1261 2531 lla

182 2587 276 2651 „pro
298 2569 487 2651 provincia,
521 2590 620 2652 quam
642 2569 795 2651 neglexi,
829 2591 887 2653 pro
909 2568 1074 2654 triumpho
1097 2579 1185 2633 eete-

216 2669 330 2752 risque
357 2668 469 2733 laudis
493 2671 697 2753 insignibus,
727 2693 812 2755 quae
835 2681 912 2736 sunt
935 2695 955 2736 a
977 2695 1029 2736 me
1051 2682 1185 2757 propter

215 2770 307 2834 urbis
330 2782 528 2857 vestraeque
553 2773 671 2837 salutis
696 2774 884 2838 custodiam
906 2775 1098 2859 repudiata,
1126 2797 1185 2859 pro

216 2871 382 2938 clientelis
410 2875 628 2960 hospitiisque
650 2877 930 2960 provincialibus,
960 2899 1045 2962 quae
1072 2888 1186 2942 tamen

215 2973 354 3040 urbanis
378 2975 494 3061 opibus
517 2999 584 3041 non
599 2980 726 3042 minore
749 2979 864 3044 labore
875 2989 971 3044 tueor
986 3002 1084 3064 quam
1100 3001 1186 3044 com·

182 3097 310 3162 separo,
333 3098 392 3161 pro
408 3078 460 3142 his
478 3081 582 3162 igitur
598 3081 751 3144 omnibus
768 3081 878 3162 rebuS,
893 3103 953 3165 pro
969 3083 1051 3144 meis
1075 3083 1109 3144 in
1125 3103 1185 3145 vos

217 3177 443 3262 singularibus
468 3182 588 3246 studiis
611 3204 737 3268 proque
760 3183 833 3266 hac,
858 3205 956 3268 quam
984 3185 1186 3268 perspicitis,

215 3279 260 3346 ad
283 3283 549 3348 conservandam
572 3307 642 3348 rem
664 3284 834 3368 publicam
857 3285 1035 3368 diligentia
1058 3285 1142 3350 nihil
1165 3308 1186 3349 a

214 3381 310 3446 vobis
333 3384 400 3447 nisi
422 3383 519 3450 huius
535 3389 691 3471 temporis
715 3390 883 3472 totiusque
904 3389 970 3452 mei
992 3387 1185 3452 consulatus

215 3485 408 3548 memoriam
429 3487 578 3571 postulo;
607 3510 692 3573 quae
717 3488 792 3553 dum
823 3491 887 3553 erit
915 3492 950 3553 in
972 3493 1094 3554 vestris
1116 3492 1186 3554 fixa

180 3585 400 3670 amentibus,
433 3591 601 3654 tutissimo
632 3613 685 3654 me
708 3613 801 3655 muro
826 3601 978 3676 saeptum
1001 3615 1074 3656 esse
1097 3592 1185 3657 arbi·

215 3685 340 3751 trahor.
365 3686 491 3766 Quodsi
507 3715 614 3757 meam
629 3716 719 3779 spem
731 3697 782 3758 vis
796 3695 1018 3779 improborum
1030 3694 1185 3760 fefellerit
