2817 4425
248 412 268 475 2
558 411 596 459 IN
613 411 643 461 L.
664 410 865 460 CATILINAM
883 411 896 459 1

247 606 277 649 ut
295 599 418 664 cupidius
438 600 517 649 etiam
537 599 650 647 consilia
668 614 718 647 sua
735 598 868 662 reciperet
891 604 919 646 et
936 596 1045 646 adscitis
1062 595 1217 645 hominibus

247 686 333 734 omnis
343 686 449 750 generis
461 684 648 749 perditissimis
662 689 742 747 atque
757 682 945 732 audacissimis
960 683 1117 747 petitionem
1128 680 1217 730 denuo

248 772 390 819 instrueret
408 786 432 819 a.
452 771 484 819 63
503 770 562 833 ipso
582 768 713 817 Cicerone
732 768 851 828 consule,
869 760 999 831 ‘sperans
1018 768 1042 815 si
1060 766 1217 829 designatus

247 855 322 911 foret,
340 855 420 905 facile
439 870 467 904 se
485 870 518 903 ex
535 854 674 903 voluntate
687 853 804 902 Antonio
822 868 943 901 usurum.
965 852 1074 901 Interea
1092 852 1216 900 omnibus

247 940 332 989 modis
349 940 463 990 insidias
480 939 594 1004 parabat
606 938 738 999 Ciceroni,
757 952 845 1003 neque
856 937 899 986 illi
915 943 1007 987 tamen
1019 936 1055 985 ad
1067 936 1217 985 cavendum

247 1024 325 1074 dolus
349 1032 395 1075 aut
417 1026 532 1074 astutiae
557 1024 676 1073 deerant.
711 1024 781 1073 Nam
804 1038 820 1072 a
842 1023 975 1087 principio
999 1021 1155 1071 consulatus
1174 1023 1216 1069 sui

247 1109 332 1159 multa
349 1110 503 1174 pollicendo
522 1125 570 1174 per
582 1109 715 1169 Fulviam,
734 1108 872 1158 mulierem
886 1108 1015 1173 nobilem,
1035 1107 1167 1168 effecerat,
1186 1114 1217 1157 ut

248 1195 278 1254 Q.
303 1194 407 1257 Curius,
434 1211 503 1244 unus
526 1210 558 1244 ex
586 1196 742 1255 coniuratis,
770 1194 814 1243 cui
840 1210 901 1243 cum
924 1192 1024 1243 Fulvia
1051 1193 1216 1243 consuetudo

247 1284 312 1340 erat,
325 1281 440 1330 consilia
460 1280 594 1329 Catilinae
609 1280 662 1328 sibi
679 1278 818 1343 proderet'
837 1277 913 1343 (Sall.
930 1278 957 1327 b.
976 1277 1055 1328 Catil.
1068 1278 1121 1345 25.)
1141 1279 1216 1329 Cice-

247 1366 320 1415 ronis
342 1366 423 1430 igitur
446 1366 586 1431 diligentia
612 1364 736 1414 consiliis
754 1366 812 1413 eius
831 1365 931 1413 restitit
947 1369 975 1413 et
995 1364 1130 1429 designati
1155 1372 1216 1416 sunt

247 1450 371 1501 consules
389 1451 422 1499 D.
440 1452 534 1500 Iunius
554 1449 661 1499 Silanus
680 1457 707 1500 et
724 1450 756 1499 L.
773 1450 897 1499 Licinius
916 1451 1038 1501 Murena.
1056 1450 1116 1499 Hac
1135 1452 1215 1501 etiam

246 1552 293 1601 spe
316 1536 435 1585 deiectus
455 1535 581 1599 Catilina,
598 1550 659 1585 eum
674 1541 755 1585 antea
776 1537 831 1585 iam
854 1551 929 1585 arma
951 1552 1000 1601 per
1019 1535 1127 1585 Italiam
1150 1536 1216 1586 locis

246 1622 401 1685 opportunis
436 1620 571 1686 parasset,
595 1611 714 1671 extrema
732 1621 821 1669 omnia
842 1621 958 1685 experiri
976 1621 1120 1670 constituit.
1157 1620 1215 1670 Iam

246 1724 307 1756 cum
334 1708 453 1772 apertius
480 1709 647 1772 agitarentur
673 1708 727 1755 ista
752 1708 905 1771 perniciosa
933 1708 973 1756 rei
999 1706 1125 1771 publicae
1152 1722 1214 1755 con·

246 1792 317 1854 silis,
336 1792 430 1842 Cicero
449 1807 472 1840 a.
492 1792 517 1840 d.
535 1792 595 1842 XII.
614 1792 674 1841 Kal.
693 1793 763 1841 ch.
781 1793 814 1842 de
828 1792 961 1843 Catilinae
979 1793 1164 1842 coniuratione
1180 1792 1213 1840 ad

246 1882 366 1929 senatum
390 1876 493 1926 rettulit
517 1882 543 1926 et
562 1876 591 1925 C.
610 1877 741 1927 Manlium
760 1878 817 1928 fore
840 1880 870 1927 in
892 1879 973 1928 armis
996 1894 1020 1928 a.
1046 1878 1070 1926 d.
1088 1877 1134 1925 VI.
1152 1877 1212 1925 Kal.

246 1964 312 2012 Nov.
325 1979 373 2027 per
384 1961 508 2011 Fulviam
527 1960 638 2011 edoctus
656 1963 796 2027 praedixit,
814 1963 928 2013 Factum
945 1965 1029 2029 igitur
1048 1971 1089 2013 est
1106 1970 1214 2013 senatus

246 2047 405 2108 consultum,
429 2053 458 2094 ut
480 2046 603 2097 viderent
626 2048 759 2108 consules,
786 2064 821 2099 ne
844 2049 909 2113 quid
935 2064 979 2098 res
1001 2048 1112 2115 publica
1135 2048 1215 2098 detri-

245 2135 329 2183 menti
346 2138 462 2197 caperet.
481 2132 547 2182 Erat
558 2132 627 2181 illud
640 2138 787 2183 extremum
799 2140 880 2199 atque
892 2134 1018 2184 ultimum
1030 2139 1141 2185 senatus
1153 2150 1216 2184 con·

245 2219 353 2278 sultum,
372 2234 424 2282 qno
443 2219 569 2282 'potestas
587 2234 661 2268 more
678 2219 800 2270 Romano
824 2221 994 2284 magistratui
1016 2222 1134 2270 maxima
1155 2237 1214 2285 per·

245 2306 411 2354 mittebatur:
431 2305 575 2353 exercitum
588 2319 692 2369 parare,
711 2305 813 2354 bellum
832 2319 934 2370 gerere,
953 2310 1077 2355 coercere
1090 2305 1213 2354 omnibus

245 2392 330 2440 modis
354 2391 441 2439 socios
464 2395 544 2455 atque
568 2391 650 2453 cives,
677 2391 750 2440 domi
777 2391 943 2456 militiaeque
967 2392 1108 2455 imperium
1132 2397 1214 2455 atque

245 2476 373 2525 iudicium
392 2492 525 2524 summum
544 2475 657 2537 habere;
680 2477 783 2527 aliter
806 2479 880 2526 siue
897 2477 1015 2543 populi
1031 2478 1127 2526 iussu
1146 2477 1214 2525 nul·

245 2563 313 2611 lius
332 2576 442 2610 earum
461 2578 570 2611 rerum
590 2563 725 2612 consuli
742 2565 794 2612 ins
813 2562 901 2612 erat’
923 2561 999 2626 (Sall.
1018 2563 1044 2612 b.
1064 2562 1144 2613 Catil.
1163 2564 1214 2626 29.)

239 2628 297 2695 >Sed
317 2647 470 2695 etiamtum
493 2649 522 2695 in
544 2648 611 2697 urbe
628 2663 768 2698 remanere
792 2663 874 2699 ausus
897 2637 940 2698 est
958 2648 1076 2699 Catilina
1099 2653 1126 2698 et
1142 2650 1213 2714 prin-

245 2735 318 2796 cipes
337 2733 530 2781 coninrationis
547 2733 576 2781 in
594 2733 701 2783 domum
720 2735 756 2786 M.
774 2734 855 2784 Porci
872 2734 979 2785 Laecae
1001 2735 1133 2784 senatoris
1152 2749 1213 2783 con·

246 2820 352 2866 vocavit
369 2819 410 2868 ‘ea
427 2825 514 2879 nocte,
533 2835 602 2884 quae
621 2826 766 2870 consecuta
785 2826 826 2870 est
837 2825 974 2886 posterum
993 2820 1064 2869 diem
1076 2819 1213 2868 Nonarum

245 2903 441 2955 Novembrium*
459 2905 529 2968 (64⁷.
547 2904 640 2967 Nov.);
664 2906 703 2954 ibi
722 2906 808 2956 socios
832 2904 865 2954 de
888 2905 1009 2955 consiliis
1032 2905 1089 2955 suis
1106 2903 1215 2954 edocuit

245 2995 271 3036 et
301 3004 329 3038 se
358 2996 481 3053 puratum
512 3005 570 3038 esse
601 2988 769 3039 confirmavit
797 2991 825 3038 in
852 2989 938 3040 Manli
967 2995 1056 3040 castra
1082 2990 1214 3041 Faesulas

245 3074 332 3132 abire,
363 3073 412 3123 sed
441 3080 520 3124 antea
550 3074 708 3124 Ciceronem
738 3074 889 3136 consulem,
925 3077 973 3140 qui
1007 3077 1128 3126 consiliis
1158 3077 1212 3126 suis

244 3157 356 3206 multum
376 3157 503 3222 officeret,
526 3159 665 3209 demedio
690 3175 748 3210 esse
771 3159 929 3215 tollendum.
965 3162 1034 3212 Tum
1053 3154 1209 3228 ‘perterritis

244 3258 276 3290 ac
295 3242 480 3292 dubitantibus
499 3248 594 3294 ceteris
618 3245 648 3296 C.
672 3244 813 3295 Cornelius
837 3261 920 3311 eques
943 3247 1080 3298 Romanus
1103 3261 1210 3312 operam

245 3340 320 3376 suam
338 3328 475 3391 pollicitus
493 3334 519 3378 et
543 3345 603 3378 cum
623 3345 654 3378 eo
675 3329 707 3378 L.
725 3316 906 3395 Vargunteius
925 3339 1033 3384 senator
1050 3331 1211 3382 constituere

245 3428 277 3462 ea
305 3419 385 3463 nocte
415 3415 495 3477 paulo
524 3421 585 3478 post
614 3431 674 3464 cum
704 3417 813 3466 armatis
843 3416 997 3468 bominibus
1032 3417 1110 3466 sicuti
1140 3415 1210 3465 salu·

243 3505 327 3548 tatum
357 3499 469 3548 introire
499 3499 533 3548 ad
560 3500 718 3550 Ciceronem
748 3517 781 3552 ac
810 3502 843 3551 de
872 3503 1015 3568 improviso
1045 3501 1117 3551 domi
1145 3516 1210 3551 suae

244 3585 404 3648 imparatum
423 3585 583 3636 confodere'.
620 3586 673 3635 Sed
692 3586 795 3648 Cicero,
820 3604 881 3636 cum
903 3588 955 3638 boc
979 3589 1059 3637 etiam
1077 3588 1209 3638 nefarium

245 3671 440 3720 coniuratorum
469 3670 610 3721 consilium
638 3677 666 3721 nt
694 3675 833 3738 superiora
857 3675 949 3723 omnia
969 3674 1145 3738 comperisset
1159 3690 1206 3743 per
