2817 4425
537 443 613 494 cnr.
632 444 708 507 o-⁷‚
725 444 750 510 q.
769 444 878 497 12-15.
1149 442 1193 509 59

221 632 357 717 provisa
379 641 413 696 et
433 641 555 715 parata
578 642 611 696 et
634 634 820 698 constituta
847 642 943 715 sunt,
970 634 1090 718 patres¹
1114 654 1192 698 con·

222 734 349 819 scripti,
372 755 447 800 cum
461 757 537 799 mea
553 758 682 801 summa
697 758 778 801 cure
794 745 895 820 atque
911 734 1101 818 diligentia,
1121 744 1193 800 tum

220 836 324 903 multo
353 839 454 902 etiam
481 839 607 902 maiore
636 838 751 923 populi
778 838 921 902 Romani
953 836 999 902 ad
1031 859 1192 902 summum

220 940 393 1025 imperium
407 940 619 1005 retinendum
635 950 667 1005 et
683 940 730 1004 ad
744 962 935 1005 communes
946 940 1099 1006 fortunas
1114 961 1192 1004 con·

200 1042 407 1107 sservandas
435 1041 619 1107 voluntate.
665 1042 790 1108 Omnes
819 1042 943 1107 adsunt
973 1044 1119 1123 omnium
1141 1064 1191 1105 or·

221 1144 336 1209 diuum
347 1145 507 1229 homines,
530 1148 674 1210 omnium
690 1166 860 1229 generum,
883 1147 1028 1210 omnium
1051 1144 1193 1227 denique

220 1256 386 1329 aetatum3
413 1248 546 1333 plenum
569 1257 620 1313 est
642 1248 768 1331 forum,
796 1248 898 1333 plena
919 1246 1044 1332 templa
1066 1248 1192 1311 circum

218 1352 342 1432 forum,
375 1349 465 1434 pleni
500 1372 612 1415 omnes
640 1350 755 1415 aditus
783 1350 880 1414 huius
908 1349 1023 1435 templi
1052 1372 1093 1415 ac
1115 1348 1192 1413 loci.

218 1451 332 1519 (lausa
347 1463 399 1516 est
415 1454 503 1517 enim
517 1462 594 1537 post
617 1452 734 1517 urbem
755 1453 926 1517 conditam
947 1452 1032 1517 haec
1054 1454 1192 1516 inventa

187 1555 308 1636 rosula,
343 1556 377 1618 in
406 1576 470 1639 qua
500 1576 615 1618 omnes
645 1557 810 1619 sentirent
839 1577 940 1619 unum
970 1564 1070 1639 atque
1104 1554 1192 1619 idem

218 1666 352 1745 praeter
368 1677 436 1736 eos,
461 1658 527 1739 qui,
549 1676 624 1719 cum
641 1655 705 1720 sibi
721 1656 873 1720 viderent
891 1679 964 1720 esse
978 1656 1191 1740 pereundum,

219 1781 294 1827 cum
318 1758 470 1825 omnibus
493 1759 721 1843 potiusquam
745 1757 808 1822 soli
830 1758 939 1842 perire
962 1757 1149 1822 voluerunt.

304 1862 415 1925 Hosce
431 1880 493 1942 ego
508 1859 659 1924 homines
676 1862 807 1944 excipio
836 1869 869 1923 et
885 1880 1021 1924 secerno
1037 1859 1227 1940 libenter‚u

219 1985 326 2048 neque
341 1963 375 2025 in
391 1961 615 2046 improborum
627 1963 763 2044 civium,
781 1962 842 2025 sed
854 1964 889 2025 in
901 1960 1192 2025 acerbissimorum

186 2066 364 2129 uhostium
397 2086 532 2128 numero
560 2064 733 2129 habendos
760 2074 851 2149 puto.
895 2062 1007 2128 Ceteri
1029 2086 1123 2143 vero,
1158 2064 1192 2127 di

218 2165 433 2249 immortales,
456 2187 521 2251 qua
536 2166 735 2252 frequentia,
759 2189 823 2252 quo
840 2167 963 2249 studio,
987 2188 1053 2252 qua
1068 2169 1193 2231 virtute

218 2271 264 2336 ad
279 2293 484 2336 communem
507 2270 649 2335 salutem
673 2271 939 2354 dignitatemque
961 2271 1192 2334 consentiuntl

218 2373 310 2454 Quid
332 2394 394 2456 ego
417 2373 471 2437 hic
496 2374 624 2456 equites
647 2372 815 2436 Romanos
838 2371 1113 2435 commemorem?
1135 2373 1191 2456 qui

218 2475 314 2539 vobis
330 2476 380 2538 ita
397 2496 558 2538 summam
574 2472 701 2537 ordinis
718 2473 917 2558 consiliique
933 2473 1132 2556 concedunt,
1154 2482 1191 2536 ut

186 2577 395 2642 aovobiscum
421 2577 462 2641 de
480 2598 593 2640 amore
620 2578 670 2640 rei
692 2576 847 2660 publicae
869 2585 998 2640 certent
1006 2593 1017 2654 ;
1043 2598 1126 2661 quos
1150 2598 1192 2640 ex

220 2679 399 2744 multorum
433 2701 594 2743 annorum
618 2677 826 2744 dissensione
859 2679 957 2744 huius
992 2679 1118 2743 ordinis
1147 2677 1192 2742 ad

219 2784 414 2846 societatem
429 2781 707 2866 concordiamque
729 2790 907 2845 revocatos
921 2780 1103 2845 hodiernus
1120 2779 1191 2844 dies
1229 2858 1230 2861 Ἴ

217 2883 391 2949 vobiscum
420 2895 520 2969 atque
548 2884 632 2950 haec
661 2905 766 2948 causa
795 2887 980 2966 coniungit.
1026 2883 1133 2963 Quam
1163 2886 1191 2947 si

219 2987 488 3050 coniunctionem
511 2988 546 3050 in
568 2987 747 3051 consulatu
768 2987 997 3051 confirmatam
1024 3008 1096 3050 meo
1119 3007 1191 3070 per-

186 3095 354 3172 sepetuam
381 3089 416 3151 in
438 3111 475 3151 re
497 3087 632 3173 publica
654 3089 875 3167 tenuerimus,
905 3088 1062 3150 confirmo
1085 3086 1192 3166 vobis,

219 3187 347 3252 nullum
379 3189 519 3273 posthac
551 3189 675 3254 malum
703 3189 804 3253 civile
831 3210 872 3253 ac
902 3189 1120 3252 domesticum
1148 3189 1193 3252 ad

220 3289 324 3354 ullam
357 3292 406 3354 rei
439 3289 595 3375 publicae
622 3300 753 3375 partem
781 3313 855 3355 esse
883 3300 1069 3354 venturum.
1113 3291 1191 3354 Pari

221 3392 332 3456 studio
358 3392 588 3457 defendendae
617 3395 666 3457 rei
688 3393 845 3478 publicae
868 3395 1066 3457 convenisse
1093 3393 1192 3456 video

220 3494 372 3560 tribunos
403 3496 563 3576 aerarios,
593 3495 794 3559 fortissimos
822 3498 928 3576 viros3
960 3495 1089 3558 scribas
1112 3497 1193 3559 item

188 3600 405 3679 muniversos,
422 3619 504 3682 quos
520 3619 594 3662 cum
610 3619 692 3662 casu
714 3599 769 3662 hic
787 3597 858 3661 dies
882 3597 928 3661 ad
942 3599 1107 3661 aerarium
1129 3598 1192 3662 fre·

222 3709 427 3784 quentasset‚
442 3699 541 3764 video
558 3699 601 3764 ab
615 3702 867 3784 exspectatione
880 3702 980 3764 sortis
993 3698 1192 3763 adsalutem
