2817 4425
541 416 618 465 cnr.
632 418 739 475 12-13,
758 418 782 482 §-
794 418 903 465 29-32.
1164 418 1202 483 17

234 609 403 691 comprimi
422 628 528 691 posse.
580 607 705 687 Quodsi
722 628 758 668 se
774 608 908 669 eiecerit
932 627 1108 689 secumque
1125 628 1201 670 suos

234 710 427 773 eduxeritet
436 709 687 772 eodemceteros
700 707 1201 792 undiquecollectosnaufragos

233 812 439 894 adgregarit,
463 813 695 893 exstinguetur
711 823 811 894 atquc
828 809 993 874 delebitur
1014 832 1080 873 non
1103 812 1199 872 modo

232 914 315 978 haec
339 926 409 977 tam
433 911 550 976 adulta
572 914 620 975 rei
642 911 797 996 publicae
820 913 940 996 pestis,
963 934 1077 975 verum
1100 914 1200 976 etiam

212 1018 333 1099 sstirps
358 1036 398 1078 ac
422 1038 532 1079 semen
554 1014 717 1078 malorum
741 1017 894 1077 omnium.

333 1117 467 1181 Etenim
483 1117 629 1197 iamdiu,
651 1128 766 1201 patres
782 1119 974 1200 conscripti,
997 1120 1031 1181 in
1047 1117 1098 1180 his
1114 1119 1271 1201 peri-1³31

231 1221 314 1284 culis
331 1222 573 1284 coniurationis
596 1220 795 1303 insidiisque
806 1242 989 1300 versamur,
1013 1220 1072 1283 sed
1087 1222 1198 1283 nescio

232 1344 294 1407 quo
325 1333 424 1407 pacto
454 1325 598 1386 omnium
621 1322 784 1385 scelerum
807 1343 848 1385 ac
870 1323 995 1385 veteris
1017 1322 1136 1385 furoris
1166 1335 1200 1386 et

231 1424 1198 1509 audaciaematuritasinnostriconsulatustempuserupit,

199 1554 221 1591 ιο
231 1528 357 1607 Quodsi
374 1551 416 1592 ex
431 1537 526 1592 tanto
543 1528 721 1591 latrocinio
744 1530 808 1590 iste
830 1550 914 1591 unus
938 1526 1083 1607 tolletur,
1107 1528 1198 1591 vide-

230 1630 337 1694 bimur
359 1630 502 1694 fortasse
526 1630 571 1693 ad
592 1629 694 1693 breve
719 1629 885 1713 quoddam
906 1639 1036 1714 tempus
1060 1653 1141 1694 cura
1165 1642 1197 1692 ct

229 1742 319 1797 metu
342 1755 416 1797 esse
444 1732 602 1810 relevati,
632 1731 816 1815 periculum
846 1742 958 1795 autem
980 1731 1140 1795 residebit
1165 1744 1197 1795 et

230 1838 292 1899 erit
315 1834 481 1898 inclusum
503 1836 636 1918 penitus
661 1837 694 1897 in
712 1837 806 1897 venis
830 1844 929 1918 atque
953 1836 987 1897 in
1009 1834 1195 1898 visceribus

229 1938 276 2000 rei
292 1936 457 2021 publicae.
481 1937 528 2001 Ut
545 1958 645 2022 saepe
659 1937 809 2000 homines
833 1938 928 2019 aegri
950 1936 1064 2000 morbo
1090 1940 1196 2019 gravi,

195 2060 303 2102 recum
325 2048 422 2102 aestu
451 2039 598 2122 febrique
622 2040 807 2119 iactantur,
843 2042 871 2102 si
901 2061 1021 2123 aquam
1050 2040 1196 2123 gelidam

227 2140 393 2223 biberunt,
406 2143 511 2226 primo
525 2140 667 2205 relevari
679 2142 846 2224 videntur,
867 2142 988 2205 deinde
1000 2143 1102 2206 multo
1120 2165 1194 2227 gra-

227 2245 298 2321 yius
323 2243 615 2328 vehementiusque
638 2244 866 2324 adflictantur,
902 2246 949 2308 sic
973 2247 1027 2308 hic
1050 2247 1193 2328 morbus,

226 2347 282 2430 qui
305 2357 356 2411 est
378 2348 413 2410 in
435 2369 471 2411 re
494 2347 639 2463 publica,
663 2347 790 2411 relevat
778 2358 831 2410 tus
856 2349 900 2410 ist
902 2350 952 2411 ius
975 2369 1082 2432 poena
1097 2349 1193 2412 vehe-

225 2458 313 2511 ment
317 2450 367 2512 ius
383 2447 569 2533 reliquis
536 2451 624 2513 vivis
640 2451 865 2531 ingravescet
899 2449 1010 2530 Quare
1033 2451 1192 2514 secedant
1202 2481 1227 2520 ῃ

192 2573 217 2611 ιο
226 2550 376 2634 improbi,
401 2561 579 2615 secernant
596 2573 631 2614 se
647 2551 788 2632 abonis,
811 2575 912 2616 unum
934 2555 968 2615 in
991 2553 1100 2616 locum
1115 2576 1192 2618 con·

225 2662 414 2734 gregentur,
437 2673 530 2716 muro
548 2652 699 2737 denique,
725 2653 814 2737 quod
830 2676 930 2738 saepe
953 2657 1020 2718 iam
1036 2655 1117 2737 dixi,
1142 2678 1191 2719 se-

224 2763 403 2818 cernantur
431 2777 452 2816 a
481 2753 594 2830 nobis3
629 2754 785 2819 desinant
813 2756 967 2820 insidiari
992 2757 1080 2820 domi
1112 2781 1191 2822 suae

223 2857 361 2939 consuli,
384 2859 602 2922 circumstare
625 2857 774 2921 tribunal
794 2860 959 2941 praetoris
982 2860 1113 2941 urbani,
1136 2861 1191 2924 cb-

223 2958 332 3021 sidere
360 2980 435 3024 cum
458 2960 582 3042 gladiis
606 2963 750 3041 curiam,
781 2961 953 3024 malleolos
977 2973 1009 3024 et
1033 2963 1124 3026 faces
1147 2964 1192 3027 ad

189 3059 492 3126 reinflammandam
518 3062 633 3127 urbem
662 3085 872 3146 compararc3
907 3067 951 3127 sit
980 3063 1120 3149 denique
1143 3068 1191 3128 in-

222 3165 382 3246 scriptum
400 3167 434 3227 in
446 3165 555 3227 fronte
568 3167 665 3228 unius
679 3169 849 3250 cuiusque,
864 3165 944 3250 quid
958 3165 999 3229 dc
1010 3167 1191 3251 republica

222 3267 356 3329 sentiat.
368 3266 531 3330 Polliceor
543 3267 606 3330 hoc
614 3267 720 3349 vobis,
732 3278 844 3352 patres
858 3270 1050 3352 conscripti,
1062 3278 1190 3334 tantam

221 3369 254 3431 iu
264 3367 362 3431 nobis
379 3367 572 3432 consulibus
585 3369 656 3432 fore
669 3369 889 3452 diligentiam,
905 3380 1036 3434 tantam
1048 3373 1082 3434 in
1095 3372 1190 3436 vobis

221 3471 466 3545 auctoritatem,
480 3479 610 3534 tantam
625 3473 660 3533 in
674 3471 840 3554 equitibus
852 3472 1011 3536 Romanis
1023 3474 1189 3555 virtutem,

186 3581 349 3635 rotantem
364 3574 398 3635 in
416 3572 566 3636 omnibus
583 3572 680 3636 bonis
696 3575 960 3657 consensionem,
975 3585 1013 3639 ut
1024 3573 1190 3641 Catilinae

271 3687 378 3730 Ciceronis
392 3687 499 3730 orationes
511 3689 529 3729 1.
985 3695 1001 3742 2
