2817 4425
549 414 714 476 cnr.1-a
732 414 757 479 s.
775 414 851 463 s-e.
1144 413 1186 479 53

217 607 305 694 quod
332 616 433 690 atque
460 606 495 668 in
517 613 651 668 vestrae
674 602 866 665 severitatis
895 600 1057 665 iudicium
1079 600 1184 665 addu-

217 713 319 792 citur3
329 716 486 773 tenentur
497 707 532 787 ii,
545 706 600 787 qui
613 704 657 768 ad
668 702 762 768 urbis
775 702 975 786 incendium,
989 702 1034 767 ad
1040 712 1187 768 vestram

217 814 362 878 omnium
384 808 532 890 caedem,
555 806 600 871 ad
615 804 798 871 Catilinam
820 806 1052 890 accipiendum
1063 806 1187 870 Romae

217 915 430 993 restiterunt3
445 919 602 975 tenentur
613 908 760 991 litterae,
777 910 885 991 signa,
899 930 1028 990 manus,
1045 907 1187 992 denique

197 1019 315 1091 iunius
339 1016 500 1096 cuiusque
522 1011 705 1092 confessi03
729 1010 956 1075 sollicitantur
977 1009 1187 1091 Allobroges,

219 1118 357 1183 servitia
371 1116 572 1195 excitantur,
586 1111 735 1177 Catilina
748 1114 943 1190 accersitur,
956 1112 993 1176 id
1005 1121 1056 1176 est
1068 1114 1187 1176 initum

218 1218 412 1299 consilium,
434 1226 472 1280 ut
496 1214 680 1279 interfectis
705 1213 857 1278 omnibus
879 1236 977 1278 nemo
1000 1236 1043 1279 ne
1065 1213 1110 1276 ad
1133 1212 1188 1277 de·

217 1319 416 1406 plorandum
431 1317 564 1403 quidem
578 1316 693 1402 populi
714 1317 856 1381 Romani
878 1338 998 1382 nomen
1020 1326 1121 1401 atque
1144 1315 1189 1380 ad

219 1420 467 1487 lamentandam
480 1421 568 1484 tanti
580 1419 711 1503 imperii
726 1418 955 1484 calamitatem
969 1419 1188 1505 relinquatur.

184 1562 210 1601 10
303 1523 398 1587 Haec
411 1523 522 1586 omnia
534 1519 664 1584 indices
678 1519 878 1601 detulerunt,
890 1521 1188 1602 reiconfessisunt,
1198 1531 1235 1583 tt

218 1649 278 1691 vos
300 1626 415 1690 multis
438 1626 506 1687 iam
529 1622 663 1686 iudiciis
682 1622 904 1704 iudicavistis,
926 1625 1077 1707 primum,
1101 1616 1190 1707 quod

218 1728 298 1793 mihi
321 1729 451 1810 gratias
474 1725 592 1808 egistis
616 1723 843 1806 singularibus
859 1723 972 1788 verbis
988 1734 1021 1788 et
1035 1747 1110 1789 mea
1125 1726 1190 1786 vin

220 1841 291 1895 tute
307 1838 408 1912 atque
425 1827 602 1909 diligentia
617 1825 824 1910 perditorum
846 1825 1015 1891 hominum
1037 1827 1190 1892 coniura-

219 1935 344 1996 tionem
366 1926 573 2012 patefactam
597 1950 669 1992 esse
693 1928 908 2012 decrevistis,
938 1929 1080 2012 deinde,
1103 1928 1191 2014 quod

186 2034 256 2109 151³.
278 2029 460 2096 Lentulum
484 2051 519 2092 se
542 2027 703 2093 abdicare
724 2040 883 2114 praetura
906 2034 1082 2116 coegistis,
1110 2042 1190 2115 tum,

221 2133 311 2222 quod
330 2153 403 2196 eum
419 2142 453 2196 et
469 2140 608 2214 ceteros,
633 2131 673 2195 de
691 2131 810 2217 quibus
827 2133 1014 2218 iudicastis,
1030 2136 1065 2198 in
1081 2145 1191 2199 custo·

222 2238 312 2301 diam
336 2233 465 2299 dandos
487 2236 678 2317 censuistis,
701 2237 920 2319 maximeque,
944 2236 1033 2321 quod
1046 2259 1120 2301 meo
1134 2259 1192 2301 no·

220 2342 309 2403 mine
327 2336 615 2421 ‚supplicationem
639 2337 847 2420 decrevistis,
870 2339 927 2423 qui
948 2338 1053 2403 honos
1074 2347 1192 2422 togato

221 2440 358 2505 habitus
374 2449 453 2504 ante
468 2462 521 2504 me
537 2449 587 2503 est
603 2442 745 2522 nemini3
767 2450 936 2525 postremo
959 2441 1115 2506 hesterno
1139 2441 1193 2506 die

187 2543 370 2627 „opraemia
391 2541 514 2624 legatis
537 2540 758 2624 Allobrogum
780 2541 923 2626 Titoque
944 2541 1118 2608 Volturcio
1138 2543 1193 2608 de·

224 2645 322 2708 distis
339 2642 555 2728 amplissima.
586 2641 681 2721 Quae
706 2652 782 2706 sunt
805 2645 916 2707 omnia
938 2645 1009 2708 eius
1031 2644 1132 2727 modi,
1155 2654 1193 2710 ut

224 2749 258 2829 ii,
281 2748 338 2831 qui
360 2748 395 2809 in
417 2744 605 2808 custodiam
627 2746 825 2809 nominatim
838 2744 910 2811 dati
926 2756 1012 2828 sunt,
1036 2749 1109 2810 sine
1122 2745 1194 2810 ulla

226 2848 435 2913 dubitatione
459 2870 479 2911 a
501 2846 598 2910 vobis
623 2846 774 2910 damnati
797 2868 871 2910 esse
892 2846 1081 2912 videantur.

311 2948 378 3013 Sed
406 2969 467 3031 ego
496 2948 627 3012 institui
654 2947 779 3011 referre
809 2947 854 3011 ad
875 2968 953 3029 vos,
974 2958 1088 3032 patres
1118 2968 1214 3013 con-r

191 3083 217 3124 25
227 3052 353 3135 scripti,
374 3058 544 3133 tamquam
567 3050 745 3130 integrum,
768 3058 803 3112 et
826 3046 867 3111 de
888 3048 978 3112 facto
1002 3048 1083 3133 quid
1109 3048 1195 3114 iudi·

226 3155 311 3216 cetis
335 3160 369 3215 et
392 3151 433 3214 de
455 3172 564 3234 poena
586 3151 667 3236 quid
689 3152 868 3215 censeatis.
904 3149 970 3214 Illa
991 3150 1194 3234 praedicam,

227 3275 312 3339 quae
328 3261 405 3317 sunt
420 3251 577 3316 consulis.
611 3252 684 3334 Ego
699 3272 858 3334 magnum
873 3252 958 3316 inre
972 3250 1108 3337 publica
1122 3275 1195 3318 ver·

229 3357 297 3420 sari
319 3355 465 3420 furorem
487 3363 521 3418 et
541 3375 630 3418 nova
647 3354 811 3439 quaedam
832 3355 967 3418 misceri
983 3364 1017 3419 et
1031 3356 1195 3421 concitari

227 3456 317 3522 mala
339 3458 408 3521 iam
429 3456 559 3540 pridem
573 3456 746 3538 videbam3
770 3456 831 3520 sed
853 3456 940 3522 hanc
963 3465 1103 3541 tantam,
1125 3467 1196 3524 tam

195 3560 407 3629 coexitiosam
421 3557 539 3622 haberi
561 3559 828 3623 coniurationem
843 3580 864 3622 a
880 3557 1010 3623 civibus
1026 3580 1196 3644 nunquam

230 3659 1195 3745 putavi.Nunc,quidquidest,quocumquevestraementes
