2817 4425
265 409 304 471 46
567 410 604 485 Ill
622 410 653 461 L.
673 410 871 459 CATILINAM
889 410 931 459 111

264 607 297 661 et
318 598 473 663 barbaris
490 600 750 684 commissaeque
772 600 905 663 litterae
928 620 1096 683 nunquam
1119 609 1236 663 essent

262 702 426 784 profecto,
466 703 530 764 nisi
566 701 608 764 ab
644 701 694 764 dis
730 700 971 765 immortalibus
1005 701 1081 765 huic
1115 711 1235 765 tantae

210 873 211 877 Ἰ
263 803 426 868 audaciae
449 803 625 867 consilium
649 813 737 867 esset
762 813 919 885 ereptum.
959 801 1048 880 Quid
1070 803 1173 866 vero?
1197 815 1235 867 ut

262 906 409 969 homines
432 904 523 969 Galli
546 929 588 969 ex
611 908 751 969 civitate
773 904 861 969 male
882 914 1016 988 pacata,
1041 926 1124 989 quae
1148 924 1233 987 gens

262 1029 327 1071 una
350 1017 471 1089 restat,
500 1031 583 1092 quae
606 1006 730 1070 bellum
752 1007 872 1091 populo
895 1008 1042 1070 Romano
1062 1008 1173 1071 facere
1195 1018 1255 1070 ets

262 1132 359 1193 posse
375 1120 409 1174 et
423 1131 489 1173 non
505 1108 594 1173 nolle
609 1108 775 1188 videatur,
800 1131 890 1192 spem
914 1112 1043 1192 imperii
1064 1131 1104 1172 ac
1119 1132 1232 1173 rerum
1291 1151 1293 1153 v

261 1214 481 1276 maximarum
493 1211 579 1276 ultro
599 1211 662 1275 sibi
679 1235 699 1273 a
715 1214 868 1296 patriciis
880 1212 1069 1276 hominibus
1082 1212 1233 1277 oblatam

260 1313 476 1396 neglegerent
499 1323 710 1397 vestramque
735 1313 875 1377 salutem
905 1316 973 1377 suis
997 1314 1113 1397 opibus
1138 1327 1232 1379 ante·

260 1429 430 1500 ponerent,
450 1416 483 1479 id
496 1438 562 1478 non
576 1415 736 1478 divinitus
751 1438 823 1479 esse
841 1416 968 1479 factum
979 1419 1117 1499 putatis,
1135 1439 1231 1501 prac-

263 1520 376 1582 sertim
392 1521 522 1602 quinos
539 1540 605 1580 non
621 1518 813 1601 pugnando,
836 1518 895 1581 sed
912 1518 1055 1582 tacendo
1072 1539 1232 1603 superare
1243 1544 1268 1581 ιο

260 1620 451 1706 potuerint?

191 1725 253 1779 1⁰²³
364 1724 471 1803 Quam
500 1724 541 1787 ob
571 1746 655 1802 rem,
681 1722 839 1804 Quirites,
867 1725 1023 1806 quoniam
1053 1724 1231 1788 adomnia

260 1826 450 1911 pulvinaria
467 1825 664 1910 supplicatio
684 1825 818 1889 decreta
841 1836 902 1903 est,
926 1825 1130 1889 celebratote
1153 1826 1229 1890 illos

258 1929 328 1992 dies
359 1949 434 1991 cum
456 1927 652 2009 coniugibus
677 1950 717 1991 ac
740 1927 855 1991 liberis
872 1929 1004 1991 vestris.
1032 1928 1118 1992 Nam
1132 1928 1229 1993 multi

262 2053 360 2115 saepe
375 2030 515 2094 honores
533 2028 584 2092 dis
602 2028 845 2092 immortalibus
867 2031 947 2092 iusti
962 2027 1071 2093 habiti
1088 2040 1163 2094 sunt
1188 2052 1228 2095 ac
1241 2050 1266 2090 ιι

263 2132 377 2216 debiti,
395 2132 453 2197 sed
468 2132 616 2217 profecto
634 2134 789 2194 iustiores
805 2154 983 2217 nunquam.
1007 2132 1125 2218 Erepti
1142 2136 1229 2197 enim

262 2237 342 2300 estis
366 2259 407 2300 ex
430 2235 660 2300 crudelissimo
685 2257 726 2298 ac
750 2235 934 2299 miserrimo
951 2238 1098 2315 interitu,
1123 2239 1228 2320 erepti

262 2340 332 2402 sine
348 2338 462 2419 caede,
487 2340 558 2401 sine
575 2339 748 2418 sanguine,
774 2339 845 2401 sine
862 2341 1022 2419 exercitu,
1046 2341 1118 2402 sine
1134 2338 1229 2402 dimi·

261 2444 407 2522 catione3
429 2442 538 2522 togati
560 2463 612 2504 me
634 2462 699 2503 uno
723 2450 839 2521 togato
864 2439 949 2504 duce
973 2450 1006 2504 et
1029 2443 1229 2525 imperatore

228 2565 253 2600 ιι
263 2545 400 2606 vicistis.
422 2543 554 2605 Etenim
567 2542 799 2622 recordamini,
814 2541 972 2623 Quirites,
986 2565 1097 2606 omnes
1111 2543 1228 2606 civiles
1239 2573 1266 2611 ao

263 2645 496 2723 dissensiones,
515 2666 581 2707 nou
599 2645 704 2708 solum
722 2667 789 2725 eas,
806 2667 889 2728 quas
906 2645 1059 2727 audistis,
1083 2644 1228 2728 sedeas,

262 2770 343 2830 quas
359 2759 487 2812 vosmet
504 2749 566 2832 ipsi
581 2749 779 2812 meministis
796 2758 896 2832 atque
908 2747 1052 2811 vidistis.
1080 2747 1119 2811 L.
1133 2747 1228 2811 Sulla

260 2851 295 2913 P.
312 2848 493 2933 Sulpicium
509 2853 683 2935 oppressit,
708 2848 744 2912 C.
760 2849 913 2931 Marium,
936 2851 1108 2915 custodem
1130 2851 1228 2916 huius

263 2952 363 3033 urbis,
385 2952 572 3037 multosque
587 2952 691 3015 fortes
708 2954 798 3015 viros
816 2955 939 3036 partim
962 2955 1060 3017 eiecit
1082 2976 1124 3018 ex
1147 2955 1228 3017 civi·

261 3064 341 3138 tate,
364 3055 486 3139 partim
509 3056 686 3118 interemit.
722 3052 781 3118 Gn.
800 3054 962 3118 Octavius
987 3055 1102 3119 consul
1127 3058 1265 3119 armisas

261 3156 389 3240 expulit
413 3180 455 3220 ex
477 3157 558 3220 urbe
581 3156 760 3238 collegam3
783 3160 889 3220 omnis
913 3157 965 3221 hic
987 3157 1080 3222 locus
1096 3158 1226 3222 acervis

261 3280 433 3343 corporum
448 3268 481 3323 et
497 3259 620 3322 civium
637 3261 799 3340 sanguine
815 3259 1026 3324 redundavit.
1051 3258 1227 3344 Superavit
1269 3278 1272 3283 '

261 3371 376 3445 postea
410 3359 517 3424 Cinna
550 3382 625 3424 cum
659 3361 782 3425 Mario:
816 3372 885 3424 tum
918 3384 996 3426 vero
1031 3362 1227 3426 clarissimis

261 3463 342 3526 viris
375 3462 560 3526 interfectis
595 3459 720 3525 lumina
750 3465 900 3526 civitatis
934 3465 1106 3527 exstincta
1139 3473 1227 3528 sunt.

262 3564 359 3628 Ultus
384 3575 435 3628 est
449 3564 545 3628 buius
562 3566 725 3628 victoriae
741 3564 974 3630 crudelitatem
988 3576 1106 3649 postea
1123 3564 1227 3649 Sulla,
1238 3591 1265 3630 so

262 3689 304 3730 ne
316 3665 382 3731 dici
398 3666 531 3750 quidem
547 3687 627 3750 opus
645 3677 705 3746 est,
725 3675 849 3750 quanta
863 3667 1088 3731 deminutione
1104 3668 1227 3732 civium
