2817 4425
121 432 174 481 ΧΠ
303 419 353 467 DE
373 418 566 469 CICERONIS
584 419 669 467 VITA
686 418 734 466 ΕΤ
753 416 919 466 SCRIPTIS.

121 606 261 669 consilia
285 609 456 690 oppressit.
498 607 560 670 Pro
585 606 635 669 his
658 606 758 669 tantis
780 607 814 667 in
834 626 902 668 rem
925 602 1091 686 publicam

121 710 245 771 meritis
262 722 354 790 pater
376 710 502 791 patriae
518 707 649 771 abonis
672 706 821 771 omnibus
843 705 1027 791 appellatus
1043 717 1094 769 est

122 810 384 893 supplicatioque
400 809 461 872 diis
477 809 715 873 immortalibus
730 831 751 872 a
767 816 881 871 senatu
897 807 1027 871 decreta
1043 818 1094 870 est

122 909 291 975 Ciceronis
319 913 458 991 nomine,
489 910 577 995 quod
598 919 674 995 post
699 909 814 973 urbem
843 908 1006 974 conditam
1029 908 1092 971 sibi

121 1014 178 1075 uni
200 1021 312 1095 togato
344 1013 520 1093 contigisse
542 1010 677 1093 gloriari
699 1033 765 1074 non
788 1011 894 1075 desiit.
939 1008 1003 1073 Sed
1025 1010 1092 1072 iam

121 1113 187 1193 illa,
212 1135 309 1198 quam
331 1112 519 1197 providerat
535 1110 660 1195 Cicero,
683 1111 828 1176 instabat
848 1112 991 1175 invidiae
1012 1120 1093 1174 tem·

123 1226 245 1298 pestes.
290 1213 329 1277 A.
359 1214 401 1277 58
431 1214 466 1277 Ρ.
495 1213 629 1278 Clodius
664 1214 812 1278 tribunus
846 1212 962 1299 plebis,
994 1212 1092 1276 homo

121 1316 383 1399 improbissimus
402 1317 777 1402 impudentissimusque,
802 1314 968 1381 Ciceronis
984 1325 1092 1378 autem

121 1417 327 1481 adversarius
342 1416 571 1482 infestissimus
580 1417 612 1500 ὕ)
631 1419 817 1498 triumviris,
835 1420 889 1502 qui
902 1416 1094 1481 Ciceronem

121 1518 164 1582 ab
201 1518 414 1603 optimatibus
443 1520 487 1584 ad
516 1542 593 1583 suas
623 1530 734 1604 partes
767 1520 944 1603 perducere
972 1520 1095 1583 frustra

121 1623 233 1685 conati
267 1630 375 1701 erant,
410 1623 437 1685 si
471 1643 537 1685 non
570 1622 767 1703 iubentibus,
801 1632 835 1685 at
868 1620 1094 1685 coniventibus

121 1733 210 1787 certe
247 1723 352 1808 legem
381 1724 456 1788 tulit
478 1725 521 1787 ad
549 1725 717 1808 populum,
746 1733 791 1800 ut,
822 1727 875 1809 qui
902 1727 1008 1788 civem
1028 1724 1093 1788 Ro·

121 1847 254 1889 manum
284 1826 508 1889 indemnatum
535 1829 764 1908 interemisset,
792 1828 822 1889 ei
852 1848 938 1910 aqua
965 1834 999 1889 et
1025 1827 1092 1909 igni

120 1927 387 2008 interdiceretur,
410 1926 528 2010 quibus
551 1926 660 1990 verbis
677 1925 793 1991 Cicero
811 1950 878 1991 non
893 1926 948 1991 ille
963 1928 1093 2011 quidem

120 2029 359 2113 nominabatur,
389 2027 446 2090 sed
468 2026 639 2111 petebatur
661 2028 763 2110 solus,
794 2032 870 2113 quia
891 2053 921 2093 a.
945 2028 986 2092 63
1008 2029 1094 2093 Len·

120 2131 236 2212 tulum,
261 2129 449 2214 Cethegum,
473 2129 555 2193 alios
580 2127 742 2194 Catilinae
766 2135 873 2194 socios
897 2155 939 2194 ex
962 2140 1092 2195 senatus

121 2233 271 2297 consulto
295 2232 432 2296 interfici
455 2233 604 2297 iusserat.
636 2232 711 2311 Qua
732 2233 805 2316 lege
827 2232 954 2317 perlata
977 2232 1093 2298 Cicero

122 2357 182 2398 sua
205 2343 322 2418 sponte
344 2332 424 2396 urbe
446 2335 545 2398 cessit
566 2355 677 2397 mense
699 2333 818 2398 Martio
842 2356 871 2397 a.
895 2333 946 2397 58.
983 2334 1093 2400 Nihilo

121 2446 231 2500 tamen
261 2437 360 2499 setius
383 2445 460 2520 post
482 2437 550 2498 eius
583 2436 765 2500 discessum
788 2434 924 2500 Clodius
951 2435 1092 2500 edictum

122 2539 302 2620 proposuit,
333 2548 369 2600 ut
397 2535 548 2600 Ciceroni
577 2558 664 2622 aqua
693 2546 727 2600 et
753 2539 822 2620 igni
849 2537 1094 2604 interdiceretur

122 2662 203 2702 neve
236 2641 266 2702 ei
302 2641 387 2702 intra
426 2638 665 2723 quadringenta
701 2639 792 2702 milia
828 2661 984 2723 passuum
1021 2662 1094 2704 esse

122 2742 245 2805 liceret.
291 2739 402 2825 ltaque
430 2740 550 2804 absens
577 2741 693 2804 exsilio
718 2741 892 2804 damnatus
915 2751 973 2822 est,
1005 2741 1095 2805 bona

124 2845 251 2927 direpta
264 2853 347 2922 sunt,
366 2842 492 2923 domus,
509 2863 607 2927 quam
619 2845 652 2906 in
663 2842 791 2906 Palatio
804 2842 969 2923 habuerat,
986 2841 1094 2906 diruta

207 3012 234 3077 l)
252 3015 340 3065 Causa
358 3015 415 3064 odii
432 3014 500 3064 haec
518 3021 589 3064 erat:
615 3015 646 3063 P.
665 3013 776 3064 Clodius
794 3030 818 3063 a.
838 3015 869 3062 61
888 3013 1040 3078 postulatus
1061 3014 1095 3064 de

123 3099 207 3147 sacris
225 3098 342 3162 pollutis,
362 3099 434 3164 quod
452 3101 480 3146 in
499 3097 660 3149 sacrificium
673 3099 765 3148 Bonae
778 3097 846 3147 deae
864 3103 1033 3159 nocturnum,
1051 3099 1096 3147 cni

121 3185 210 3232 virum
228 3185 358 3234 interesse
377 3184 454 3234 nefas
473 3190 539 3245 erat,
559 3182 628 3233 clam
649 3188 820 3248 penetrasset
840 3183 969 3233 muliebri
985 3184 1094 3244 vestitu,

123 3284 231 3333 operam
251 3270 333 3333 dedit,
351 3275 382 3319 ut
399 3271 525 3335 probaret
543 3269 687 3331 iudicibus,
707 3269 804 3320 scilla
822 3275 902 3319 nocte
920 3285 975 3318 non
992 3267 1095 3317 Romae

121 3355 214 3417 fuisse,
233 3355 281 3404 sed
299 3355 479 3416 Interamnae,
498 3352 570 3418 quod
587 3354 718 3403 Umbriae
736 3354 865 3418 oppidum
876 3353 923 3402 XC
941 3351 1016 3401 milia
1032 3367 1094 3416 pas·

123 3455 200 3487 suum
227 3439 261 3488 ab
289 3439 355 3487 urbe
387 3439 512 3488 distabat.
554 3439 589 3486 At
617 3438 711 3488 Cicero
739 3440 817 3488 testis
846 3437 992 3503 productus
1019 3451 1096 3486 suam

122 3523 230 3572 domum
255 3523 304 3572 illa
326 3525 385 3586 ipsa
407 3529 488 3572 nocte
513 3523 620 3571 venisse
648 3521 773 3571 Clodium
800 3521 959 3572 adfirmavit.
996 3520 1096 3570 Odium

123 3613 213 3656 autem
231 3608 295 3657 inde
319 3614 406 3657 ortum
425 3607 519 3656 Cicero
544 3622 644 3671 augere
668 3622 734 3656 sane
759 3622 812 3656 non
837 3607 916 3656 desiit
938 3606 1095 3657 adversario

124 3693 280 3742 cavillando
299 3683 522 3757 lacessendoque.
