2817 4425
262 417 323 467 XIV
444 418 493 468 DE
512 417 703 469 CICERONIS
720 420 806 470 VITA
823 421 871 469 ΕΤ
890 420 1057 472 SCRIPTIS.

262 610 424 691 iungeret,
448 606 580 672 tandem
595 609 785 693 Pompeium
808 610 841 673 in
858 609 993 695 Epirum
1016 624 1145 677 secutus
1168 625 1226 679 est.

263 707 328 773 Sed
351 730 462 794 pugna
484 710 528 775 ad
550 711 753 792 Pharsalum,
782 714 834 775 cui
856 720 966 777 tamen
988 735 1054 777 non
1081 717 1228 781 interfuit

261 810 386 891 Cicero,
416 815 590 878 commissa
613 836 643 877 a.
665 814 707 877 48
733 817 767 877 in
790 814 920 879 Italiam
947 816 1045 881 rediit
1071 828 1105 881 et
1126 819 1227 882 Brun-

261 914 334 979 disii
357 938 460 1001 usque
477 915 520 980 ad
544 939 665 981 annum
680 914 721 978 47
738 940 773 981 se
795 920 910 997 tenuit,
935 917 1039 982 donec
1060 921 1192 984 veniam
1207 944 1229 986 a

259 1020 382 1082 victore
416 1021 610 1105 impetravit.
647 1018 678 1081 A
702 1016 853 1102 Caesare,
878 1041 952 1083 cum
974 1018 1060 1084 bello
1084 1020 1227 1086 Alexan-

261 1119 352 1184 drino
377 1122 525 1185 confecto
541 1124 575 1185 in
590 1120 720 1185 Italiam
735 1120 894 1203 rediisset,
916 1121 1057 1205 benigne
1073 1134 1227 1207 acceptus

260 1226 500 1309 praecipuoque
529 1223 652 1288 honore
680 1221 812 1286 habitus
833 1232 944 1288 tamen
966 1246 987 1288 a
1008 1227 1150 1308 negotiis
1170 1248 1227 1311 pu·

261 1324 352 1388 blicis
388 1328 531 1391 animum
566 1327 734 1390 sevocavit
761 1334 809 1407 et,
843 1326 954 1411 quoad
983 1328 1067 1390 vixit
1094 1325 1225 1409 Caesar,

259 1428 367 1492 taedio
396 1428 525 1493 illorum
553 1437 746 1512 temporum,
774 1426 892 1511 quibus
921 1451 1033 1493 omnes
1055 1432 1151 1494 unius
1173 1451 1227 1493 vo-

258 1529 375 1593 luntati
398 1530 598 1613 oboedirent,
622 1534 656 1594 in
672 1530 824 1594 villarum
839 1553 972 1595 suarum
996 1533 1136 1595 maxime
1152 1532 1226 1597 soli·

259 1634 370 1698 tudine
386 1643 483 1718 atque
506 1656 637 1699 recessu
652 1643 759 1699 totum
774 1657 809 1698 se
824 1632 915 1698 dedit
935 1632 1062 1699 litteris.
1085 1634 1169 1698 Tum
1184 1635 1227 1698 ad

259 1736 486 1822 philosophiae
499 1740 704 1823 scriptiones,
718 1737 834 1823 quibus
846 1736 901 1801 ille
909 1736 1111 1801 Graecorum
1123 1737 1225 1821 philo-

260 1838 436 1923 sophorum
464 1850 641 1925 praecepta
670 1840 797 1904 civibus
827 1842 894 1905 suis
924 1837 1225 1922 commendabati),

260 1940 400 2007 studium
430 1945 600 2025 convertit,
630 1964 728 2028 quam
754 1966 790 2008 se
818 1942 963 2027 quodam
992 1942 1064 2007 loco
1094 1941 1172 2008 dicit
1193 1952 1228 2006 et

260 2044 444 2109 domesticis
474 2043 642 2109 doloribus
676 2046 896 2109 acerbissimis
925 2080 967 2089 -
996 2045 1109 2110 eodem
1141 2046 1227 2110 enim

260 2161 403 2236 tempore
436 2148 562 2214 Tulliae
595 2148 682 2213 filiae
720 2149 908 2214 carissimae
943 2156 1047 2212 morte
1083 2149 1228 2231 graviter

259 2252 400 2317 afflictus
434 2265 484 2318 est
513 2289 554 2300 -
588 2262 621 2316 et
653 2252 797 2335 undique
831 2251 1036 2316 circumfusis
1069 2251 1226 2315 molestiis

259 2358 387 2421 unicam
416 2358 579 2422 invenisse
612 2354 819 2419 levationem.
864 2351 1002 2436 Scripsit
1028 2353 1126 2435 igitur
1151 2374 1226 2416 cum

187 2506 189 2510 -
259 2457 332 2540 alia,
355 2466 424 2522 tum
451 2457 552 2521 libros
580 2456 618 2520 de
643 2453 761 2536 ficibus
787 2453 937 2516 bonoram
959 2455 988 2514 et
1013 2452 1172 2516 maloram
1194 2465 1228 2516 et

261 2559 518 2623 Tusculanorum
532 2557 785 2638 disputationum
800 2555 901 2620 libros
919 2555 960 2635 V,
982 2555 1100 2640 quibus
1115 2578 1168 2620 res
1184 2557 1227 2619 ad

262 2667 353 2728 beate
375 2661 550 2727 vivendum
573 2661 715 2724 maxime
739 2659 944 2724 necessariae
967 2669 1183 2741 exponuntur.

343 2939 369 3001 ¹¹)
392 2937 431 2989 Cf.
459 2951 528 3002 quae
552 2935 585 2984 de
612 2934 655 2982 his
684 2933 791 2997 scriptis
815 2929 910 2980 Cicero
932 2931 991 2994 ipse
1015 2928 1082 2978 dicit
1107 2927 1142 2981 da
1167 2932 1227 2980 nat.

259 3022 332 3075 deor.
356 3023 377 3083 Ι,
398 3015 524 3072 iz‘Cum
546 3021 601 3069 otio
629 3018 820 3082 langueremus
844 3022 871 3064 et
892 3016 916 3064 is
940 3019 1012 3064 esset
1036 3013 1077 3064 rei
1103 3013 1228 3080 publicae

258 3114 353 3170 status,
380 3113 410 3158 ut
433 3121 492 3158 eam
514 3107 595 3155 unius
618 3102 731 3153 oonsilio
755 3106 836 3165 atque
860 3115 925 3149 cura
948 3098 1096 3164 gubernari
1117 3108 1227 3148 neeesse

258 3200 336 3257 esset,
359 3196 445 3260 ipsius
465 3194 506 3244 rei
532 3191 660 3258 publicae
682 3202 767 3238 eausa
791 3183 991 3250 philosophiam
1019 3183 1118 3234 nostris
1142 3177 1226 3229 homi·

258 3280 338 3330 nibus
351 3279 539 3344 explicandam
550 3276 652 3342 putavi,
671 3274 764 3338 magni
782 3271 940 3320 existimans
953 3272 1083 3320 interesse
1095 3265 1130 3315 ad
1143 3262 1225 3312 decus

258 3365 337 3416 etad
354 3364 463 3414 laudem
487 3363 604 3413 civitatis
621 3376 665 3410 res
682 3365 739 3409 tam
757 3371 854 3422 graves
872 3360 982 3420 tamque
1004 3349 1155 3419 praeclaras
1172 3345 1224 3395 La-

259 3452 323 3501 tinis
342 3452 422 3500 etiam
440 3450 538 3500 litteris
557 3446 697 3498 contineri.
726 3440 884 3506 Complures
903 3443 975 3491 enim
993 3433 1101 3488 Graecis
1118 3432 1225 3480 institu-

259 3539 378 3589 tionibus
397 3535 496 3586 eruditi
509 3550 549 3596 ea,
568 3547 637 3598 quae
655 3528 813 3586 didicerant,
833 3542 895 3575 cnm
908 3525 1011 3597 civibus
1028 3517 1224 3568 communicare

260 3640 314 3674 non
325 3627 459 3688 poterant,
479 3618 548 3683 quod
560 3617 618 3677 illa,
631 3630 700 3680 quae
713 3629 731 3663 a
743 3612 854 3661 Graecis
867 3607 1041 3664 senuissent,
1058 3601 1157 3651 Latine
1170 3601 1222 3650 dici

261 3723 339 3772 posse
358 3704 524 3756 diffiderent)
