2817 4425
511 438 627 488 muax
644 436 828 488 nonnuuu.
1008 405 1010 408 ’
1115 431 1154 493 77

185 621 336 686 uluuutue
356 622 406 673 111.
426 623 467 682 26,
494 621 540 670 Ν.
562 623 608 682 233
632 635 649 670 a

220 711 316 757 senatu
345 706 407 772 lege
436 705 593 770 triumphali
623 706 649 754 ei

221 793 345 841 decretus
364 797 404 840 est
425 791 583 855 triumphus,
603 791 649 854 qui

220 878 394 941 magistratus
415 876 509 940 populi
535 875 650 924 Romani

221 962 354 1026 (dictator,
382 960 476 1010 consul
498 961 649 1025 praetorve)

220 1048 291 1096 iusto
314 1044 464 1110 hostilique
491 1045 564 1094 bello
593 1046 649 1092 suis

221 1133 349 1196 auspiciis
362 1137 390 1181 et
406 1133 435 1179 in
450 1145 499 1179 sua
511 1130 651 1193 provincia

221 1231 275 1266 uon
292 1218 381 1265 minus
404 1217 521 1281 quinque
542 1214 651 1263 milibus

221 1301 336 1351 hostium
349 1316 403 1350 una
415 1302 474 1350 acie
487 1300 572 1348 caesis
584 1297 651 1347 fines

221 1385 651 1450 imperiiRomaniauxerat.Lege

221 1463 651 1534 euimcautumerat,utproaucto

222 1556 344 1619 imperio,
359 1570 413 1604 non
425 1569 473 1618 pro
486 1555 650 1618 reciperatis,

223 1655 291 1705 quae
300 1640 394 1704 populi
403 1640 517 1689 Romani
528 1639 650 1700 fuissent,

222 1725 371 1788 triumphus
398 1723 514 1774 daretur.
541 1723 649 1772 Institu-

223 1814 279 1858 tum
295 1814 437 1874 praeterea
455 1813 519 1870 erat,
537 1823 572 1857 ne
590 1809 650 1873 quis

222 1893 406 1958 triumpharet,
425 1895 478 1942 nisi
496 1895 543 1958 qui
554 1897 651 1957 pacata

223 1979 362 2042 provincia
387 1980 534 2028 exercitum
556 1977 650 2042 depor-

224 2068 314 2115 tasset
334 2062 387 2113 Sed
398 2079 544 2127 numquam
557 2065 649 2111 trium·

223 2148 324 2214 phavit,
342 2149 389 2214 qui
400 2149 445 2197 vel
460 2149 589 2198 maximas
607 2163 650 2196 res

224 2235 436 2297 utilissimasque
459 2236 499 2282 rei
524 2234 650 2299 publicae

223 2318 296 2370 bello
323 2318 400 2371 civili
429 2325 561 2382 gesserat,
588 2321 652 2383 quia

225 2412 254 2455 ut
271 2406 448 2464 necessariae,
466 2405 506 2453 ita
523 2404 651 2468 lugubres

225 2492 293 2539 istae
333 2506 439 2553 semper
483 2490 650 2538 existimatae

226 2581 288 2624 sunt
314 2575 451 2634 victoriae,
480 2579 573 2638 utpote
599 2589 652 2623 uon

226 2665 344 2720 externo,
364 2658 411 2708 sed
430 2659 575 2709 domestico
593 2675 652 2708 cru·

225 2760 272 2794 ore
283 2749 383 2809 partae.
407 2744 460 2804 Qui
471 2744 652 2808 triumphavit,

227 2829 652 2893 curruauratotriumphaliequis

227 2915 296 2964 albis
314 2916 406 2963 iuncto
430 2913 539 2963 indutus
561 2914 654 2962 tunica

227 2999 345 3063 palmata
354 3004 381 3048 et
390 3006 453 3064 toga
464 3000 544 3063 picta,
555 3014 654 3047 corona

228 3082 326 3135 laurea
336 3078 472 3132 ornatus‘I
479 3100 493 3131 o
500 3084 552 3132 vis
563 3083 654 3147 Opti-

228 3169 271 3217 mi
298 3169 433 3216 Maximi
460 3169 586 3217 ornatu'
610 3172 654 3216 de-

229 3259 342 3312 coratus,
361 3253 406 3301 via
428 3252 584 3317 triumphali
608 3270 656 3317 per

229 3343 333 3402 portam
358 3338 559 3402 triumphalem,
586 3354 655 3403 quae

230 3424 325 3472 eratin
335 3437 428 3485 campo
438 3424 543 3483 Martio,
556 3425 656 3472 circum

229 3506 405 3567 Flaminium,
442 3508 543 3557 circum
572 3510 656 3557 Maxi-

231 3608 309 3650 mum,
336 3591 445 3640 Sacram
471 3593 552 3653 viam,
569 3593 655 3642 forum

726 620 873 685 intemplo
890 621 965 670 Iovis
978 620 1079 685 Optimi
1097 623 1153 670 lda-

726 706 801 758 ximi.
843 705 926 754 Ducti
954 713 1017 754 ante
1047 723 1153 755 currum

726 790 843 840 hostium
861 789 943 839 duces
961 791 1034 854 capti
1040 789 1068 855 ¹),
1085 790 1154 839 mili-

727 877 797 926 taria
815 876 893 937 signa
904 875 1032 939 praelata,
1046 881 1153 924 secutus

729 961 861 1011 exereitus
881 961 977 1011 victor.
1003 961 1104 1010 Milites
1129 965 1155 1009 et

727 1047 781 1110 ipsi
797 1045 912 1094 laureati
930 1050 957 1095 et
973 1047 1154 1111 unisquisque

728 1129 807 1179 donis
846 1129 1021 1190 militaribus,
1057 1131 1155 1195 quibus

729 1215 822 1264 donati
833 1220 918 1275 erant,
926 1215 1054 1279 insignes,
1062 1215 1155 1264 trium-

729 1300 811 1364 phum
837 1299 945 1349 nomine
972 1301 1074 1349 cientes
1100 1297 1155 1366 (io

728 1377 918 1449 triumphe’)
936 1399 1053 1448 suasque
1067 1385 1156 1434 etim·

712 1471 859 1547 ¹peratoris
898 1469 993 1518 laudes
1028 1474 1155 1518 canentes

729 1570 776 1618 per
793 1554 887 1603 urbem
904 1554 1073 1604 incedebant.
1095 1556 1156 1605 Non

729 1653 867 1702 nunquam
886 1641 966 1688 etiam
984 1640 1081 1689 ludicri
1094 1655 1156 1688 ver·

730 1740 776 1773 sus
796 1724 928 1773 inconditi
944 1725 1057 1774 militari
1071 1724 1156 1774 licen·

729 1810 768 1858 tia
778 1810 879 1868 iactati,
891 1810 990 1872 quibus
1007 1811 1156 1874 increpitus

730 1899 771 1943 est
779 1896 931 1958 imperator.
941 1895 1027 1955 Quem
1038 1895 1066 1942 in
1077 1909 1157 1944 curru

729 1979 887 2043 triumphali
923 1980 1073 2040 sedentem,
1109 1976 1156 2029 ‘ne

729 2065 843 2113 nimis
875 2064 953 2112 sibi
981 2058 1156 2127 placeret’,

730 2164 823 2198 servus
832 2148 1157 2214 publicus,qoi³neodem

730 2249 811 2283 curru
831 2249 921 2283 comes
939 2234 966 2282 ei
982 2248 1000 2283 a
1016 2238 1092 2298 tergo
1111 2234 1157 2283 ad·

730 2319 866 2379 haerebat,
876 2317 1015 2367 admonuit
1024 2317 1157 2367 humanae

730 2403 933 2461 imbecillitatis,
963 2417 1011 2466 per
1037 2403 1158 2467 singulas

731 2488 938 2538 acclamationes
948 2488 1047 2535 civium
1052 2486 1158 2537 diceus:

730 2574 845 2638 Respice
869 2578 931 2637 post
954 2568 996 2621 te!
1023 2571 1159 2622 homiuem

731 2664 758 2707 te
771 2673 830 2707 esse
847 2662 991 2708 memento.
1008 2658 1160 2722 Antequam

731 2745 760 2792 in
799 2742 962 2807 Capitolium
1001 2745 1160 2795 ascendere·

731 2835 783 2890 tur,
796 2830 897 2892 captivi
913 2830 942 2876 in
960 2844 1095 2879 carcerem
1113 2830 1159 2879 ab·

733 2914 887 2972 ductisunt,
901 2919 932 2962 ut
948 2921 1114 2965 necarentur.
1125 2941 1161 2951 -

734 2997 845 3052 maadi
864 3014 896 3048 ac
911 3014 965 3047 non
978 2998 1160 3063 triumphandi

733 3099 815 3133 causa
832 3087 898 3146 erat,
916 3100 977 3132 cum
995 3090 1041 3133 aut
1059 3084 1159 3132 bellum

733 3184 786 3216 non
796 3170 846 3216 rite
855 3169 984 3217 indictum
994 3175 1060 3227 erat,
1073 3185 1160 3233 neque

734 3269 794 3301 cum
811 3255 882 3301 iusto
900 3254 977 3302 hoste
998 3260 1103 3318 gestum
1115 3258 1161 3303 aut

733 3338 850 3386 hostium
867 3354 965 3387 nomen
982 3338 1082 3387 humile
1095 3343 1161 3398 erat,

733 3428 764 3472 ut
792 3438 929 3472 servorum
962 3424 1161 3486 piratarumque

753 3560 773 3623 ¹)
791 3560 824 3607 of.
841 3560 887 3610 IV.
905 3562 936 3609 21
956 3560 1032 3608 cuius
1052 3561 1098 3619 (sc.
1110 3559 1161 3607 Ae·

701 3626 759 3675 mili
776 3627 867 3683 Pauli)
881 3644 987 3677 currum
1006 3642 1053 3675 ren
1069 3632 1162 3690 poten-

231 3676 381 3726 R⁰m²n¹¹m
391 3678 419 3724 5¹¹
427 3669 588 3741 callitonum
597 3694 656 3741 1³10·
700 3695 821 3743 tissimus
840 3696 975 3759 quondam
993 3701 1020 3743 et
1031 3694 1161 3744 nobilissi-

230 3762 317 3812 iectus
330 3768 379 3824 est,
397 3763 445 3811 ubi
464 3777 540 3811 sacra
557 3762 657 3811 iaceret
702 3778 761 3811 mus
779 3763 875 3812 Perses
892 3764 1051 3814 honestavit
