2817 4425
190 405 231 469 74
512 404 625 454 INDEX
649 403 827 454 NOMINUM.

224 608 284 658 que,
299 607 368 657 quae
378 597 449 642 sorte
459 593 485 641 ei
497 591 652 652 obvenerat,

224 679 306 727 cessit
329 677 357 731 C.
382 677 500 727 Antonio
523 676 652 740 collegae,

224 773 254 812 ut
277 777 294 813 a
317 763 504 812 coniunctione
518 761 652 811 Catilinae

224 847 296 898 bunc
313 852 446 897 avocaret.

192 930 329 986 Publicius
351 931 386 981 Π.
404 933 428 993 4,
453 931 587 982 Catilinae
612 947 652 980 so·

225 1019 291 1085 cius,
309 1017 388 1068 homo
405 1019 521 1083 ignotus.

192 1187 651 1254 mmmmmmfflmma

225 1273 309 1324 Reate
335 1274 462 1338 oppidum
488 1275 517 1322 in
544 1270 652 1323 Sabinis

226 1358 652 1423 situm3praefecturaautemap·

225 1441 341 1507 pellatur
346 1443 413 1504 ideo,
422 1443 492 1506 quod
501 1442 652 1506 praefectus

225 1528 278 1577 iuri
290 1527 406 1577 dicundo
416 1528 501 1578 Roma
511 1527 653 1592 quotannis

226 1628 258 1663 eo
276 1613 440 1662 mittebatur.

193 1765 349 1821 Saturnalia
366 1767 416 1820 111.
431 1770 470 1829 17,
488 1779 581 1818 mense
598 1768 651 1816 De·

226 1852 328 1902 cembri
345 1869 393 1917 per
414 1853 471 1902 dies
494 1853 653 1918 complures,

227 1953 339 2001 quorum
352 1939 512 2002 praecipuus
525 1943 584 1987 erat
592 1953 616 1986 a.
628 1937 652 1984 d.

225 2022 296 2071 XIV.
313 2023 374 2072 Kal.
395 2024 460 2083 Ian,
480 2023 654 2072 celebrabant

226 2106 342 2156 Romani
356 2106 440 2157 effusa
456 2108 568 2169 laetitia,
586 2114 653 2157 tam-

227 2207 306 2258 quam
325 2207 423 2243 aureae
441 2193 537 2244 aetatis
555 2208 653 2243 memo-

226 2294 282 2342 res,
313 2295 382 2345 quae
415 2280 503 2329 fuerat
537 2280 652 2330 Saturno

226 2371 369 2428 regnante;
396 2364 576 2415 discurrentes
605 2381 653 2429 per

226 2465 318 2499 omnes
341 2450 400 2499 vias
423 2450 598 2499 clamitabant
614 2442 652 2499 ‘Io

227 2534 389 2597 Saturnalia,
413 2535 443 2584 Io
466 2536 539 2585 bona
563 2536 652 2586 Satur·

224 2619 314 2670 nalia’.

192 2704 356 2760 Saturninus
373 2722 399 2755 v·
418 2706 576 2771 Appuleius.

191 2788 287 2857 8011110
305 2808 331 2841 v.
351 2791 499 2841 Cornelius.

191 2875 654 2943 Smmmmmwfflc

226 2963 347 3014 Graccho
365 2979 390 3016 a.
403 2966 451 3012 122
464 2963 530 3024 lata,
549 2965 582 3014 de
594 2980 654 3029 pro-

225 3051 375 3115 vocatione,
393 3064 453 3114 qua,
466 3055 496 3098 ut
507 3055 587 3099 autea
599 3052 652 3100 iam

225 3133 331 3199 legibus
345 3134 458 3195 Porciie,
477 3140 585 3184 cautum
603 3140 652 3197 eet,

226 3235 259 3267 ne
279 3219 311 3267 de
330 3220 419 3283 capite
440 3220 540 3267 civium
558 3220 653 3269 Roma-

225 3320 320 3354 norum
343 3305 448 3353 iniussu
470 3304 565 3368 populi
585 3306 653 3354 iudi·

225 3396 338 3439 caretur.

191 3473 652 3539 immmmffimmsta

224 3559 271 3609 IV.
293 3562 319 3620 4,
342 3561 384 3609 vir
411 3559 652 3624 eloquentissimus,

225 3644 312 3708 plebis
342 3644 413 3694 idem
446 3646 653 3706 amantissimus,

733 593 866 656 agrariam
895 592 1005 656 pertulit
1030 591 1160 642 adversus

732 676 898 726 voluntatem
929 682 1038 728 senatus
1070 683 1097 727 et
1122 678 1160 727 Μ.

734 760 846 812 Octavio
854 762 974 827 collegae
982 762 1160 812 intercedenti

733 851 892 911 potestatem
920 863 969 911 per
995 849 1051 896 vim
1082 848 1160 897 abre·

733 933 814 995 gavit.
831 931 905 982 Idem
920 948 980 981 cum
993 933 1160 993 continuare,

733 1017 804 1080 quod
829 1017 877 1066 illo
903 1023 1024 1082 tempore
1050 1019 1160 1067 minime

731 1100 816 1163 licuit,
837 1101 921 1151 vellet
943 1102 1109 1153 tribunatum
1131 1103 1159 1153 ln

732 1201 756 1236 a
764 1187 820 1248 132,
830 1187 864 1236 ab
871 1187 1045 1251 optimatibus
1051 1193 1160 1238 auctore

694 1271 698 1278 '
732 1271 763 1319 P.
776 1271 901 1321 Cornelio
920 1271 1045 1336 Scipione
1061 1271 1160 1324 Nasica

732 1358 760 1405 in
773 1356 905 1420 Capitolio
916 1358 1019 1407 occisus
1030 1365 1078 1422 est,
1090 1359 1159 1409 ictus

732 1441 855 1490 subsellii
881 1441 1047 1506 fragmentis,
1070 1448 1098 1492 et
1118 1443 1160 1492 iu·

732 1526 853 1590 sepultus
870 1527 899 1575 in
917 1527 1037 1576 Tiberim
1058 1529 1160 1593 proiec-

730 1616 774 1659 tus
794 1616 843 1661 est.

698 1695 1159 1761 mmmmmmmmtt

732 1782 777 1833 IV.
790 1783 816 1844 4,
827 1782 920 1832 Tiberi
932 1783 1023 1846 frater,
1035 1784 1159 1834 tribunus

732 1866 769 1932 pl.
795 1883 820 1918 a.
846 1869 894 1916 123
923 1868 1005 1919 fratre
1033 1869 1158 1934 eloquen-

732 1955 791 2015 tior,
798 1954 950 2018 rogationes
961 1953 1065 2017 aliquot
1073 1960 1160 2019 pertu-

733 2037 766 2086 lit
783 2038 936 2103 populares,
948 2038 1159 2098 frumentariam,

733 2124 874 2187 agrariam,
880 2123 914 2173 de
924 2129 1019 2174 senatu
1028 2125 1160 2175 exordine

734 2212 851 2275 equestri
880 2209 1036 2275 supplendo.
1070 2209 1159 2260 Conti-

733 2301 814 2344 nuato
823 2296 852 2343 in
861 2296 1160 2345 annnm122tribunatu

733 2397 794 2430 cum
812 2380 880 2430 alias
897 2380 972 2445 leges
980 2378 1001 2447 ¹)
1012 2380 1082 2443 tulit,
1102 2388 1159 2429 turn

733 2466 821 2531 legem
845 2465 878 2515 de
901 2466 1011 2515 civitate
1036 2467 1159 2515 omnibus

733 2552 834 2601 Italicis
852 2549 941 2601 danda
958 2566 992 2600 ne
1010 2550 1084 2615 plebi
1103 2552 1158 2616 qui·

734 2638 794 2687 dem
812 2637 877 2686 satis
897 2641 1044 2700 acceptam.
1067 2653 1091 2686 a.
1111 2638 1159 2684 121

734 2722 849 2772 refectus
867 2737 921 2772 non
945 2727 993 2782 est,
1012 2736 1065 2786 quo
1088 2736 1160 2770 anno

734 2823 794 2856 cum
804 2807 966 2856 Aventinum
977 2813 1081 2856 armata
1092 2808 1160 2856 mul·

733 2892 847 2943 titudine
883 2897 1048 2956 occupasset,
1082 2907 1100 2942 a
1128 2891 1160 2941 L.

734 2978 840 3043 Opimio
863 2977 973 3027 consule
996 2993 1029 3027 ex
1052 2983 1160 3027 senatis

734 3064 856 3114 consulto
882 3063 977 3128 pulsus
1003 3065 1161 3127 impetrasse

733 3166 750 3200 a
770 3165 847 3199 servo
872 3164 920 3197 suo
942 3149 1057 3210 videtur,
1080 3154 1110 3197 ut
1132 3162 1161 3196 se

733 3233 903 3285 interficeret
922 3234 1028 3295 -Qui
1046 3237 1160 3298 quantus

732 3321 774 3368 vir
794 3320 881 3379 fuerit,
906 3318 1001 3368 Cicero
1023 3320 1089 3383 ipse,
1110 3318 1160 3365 ini·

733 3404 810 3467 quior
847 3402 920 3452 haud
960 3403 1041 3452 dubie
1081 3401 1161 3449 index

752 3592 771 3662 ¹)
780 3595 866 3643 veluti
878 3593 966 3657 legem
977 3589 1161 3655 Semproniam

698 3662 732 3713 de
757 3663 962 3726 provocatione,
988 3675 1013 3711 ν.
1040 3659 1161 3723 Sempro·

225 3730 349 3779 tribunus
360 3728 447 3794 plebis
461 3745 485 3780 a.
500 3730 549 3779 1³8
564 3730 653 3795 legem
697 3732 744 3781 nia
761 3731 812 3780 lex.
