2817 4425
217 406 259 471 36
518 407 556 457 nv
573 408 605 457 n.
624 406 821 457 olumnam
840 408 881 456 111

217 594 296 660 belli
319 597 497 660 acerrimos
523 596 640 678 duces,
666 598 791 661 Romae
819 597 1022 682 reliquisset,
1052 619 1184 684 semper
1250 622 1255 632 ·

216 698 356 781 vigilavi
385 710 419 764 et
440 700 587 784 providi,
612 699 776 780 Quirites,
805 722 901 785 quem
924 698 968 764 ad
990 699 1123 764 modum
1146 702 1184 765 in

216 804 321 865 tantis
336 810 368 865 et
381 811 451 865 tam
460 800 667 866 absconditis
681 801 987 866 insidiissalviesse
998 822 1183 885 possemus.

190 904 300 970 2Nam
320 915 399 988 tum,
423 927 496 969 cum
521 928 563 968 ex
584 904 665 968 urbe
681 903 864 967 Catilinam
886 902 1100 967 eiciebam-
1113 926 1183 968 non

216 1008 302 1071 enim
329 1009 398 1072 iam
424 1028 541 1072 vereor
570 1007 665 1072 buius
688 1006 782 1072 verbi
812 1006 988 1088 invidiam,
1016 1027 1091 1071 cum
1120 1005 1207 1077 illas

215 1110 322 1191 magis
346 1111 389 1173 sit
412 1110 571 1189 timenda,
595 1109 683 1194 quod
698 1110 794 1172 vivus
811 1110 932 1173 exierit
942 1144 995 1190 —,
1018 1108 1078 1172 sed
1100 1118 1182 1191 tum,

215 1232 290 1275 cum
302 1210 396 1276 illum
412 1214 628 1276 exterminari
639 1210 804 1292 volebam,
823 1220 880 1275 aut
892 1210 1055 1295 reliquam
1067 1212 1181 1275 coniu-

214 1324 361 1378 ratorum
381 1336 516 1378 manum
532 1314 629 1378 simul
647 1316 813 1378 exituram
834 1324 894 1377 aut
917 1335 983 1395 eos,
1005 1314 1062 1397 qui
1084 1314 1181 1377 resti·

213 1417 344 1498 tissent,
367 1416 514 1479 infirmos
538 1418 610 1480 sine
632 1415 689 1480 illo
711 1437 752 1479 ac
769 1414 895 1479 debiles
917 1416 988 1479 fore
1010 1413 1182 1499 putabam,

193 1517 324 1601 4Atque
341 1539 411 1600 ego,
435 1530 471 1582 ut
486 1518 567 1601 vidi,
591 1540 672 1603 quos
695 1520 841 1581 maximo
864 1517 975 1581 furore
999 1526 1031 1580 et
1054 1515 1220 1588 scelere10

213 1642 286 1683 esse
314 1620 535 1685 inflammatos
567 1620 729 1701 sciebam,
759 1642 814 1684 eos
843 1619 1018 1683 nobiscum
1045 1641 1119 1683 esse
1147 1630 1181 1683 et

212 1724 335 1787 Romae
354 1726 565 1805 remansisse,
581 1725 617 1789 in
633 1746 670 1787 eo
688 1745 801 1787 omnes
818 1722 889 1785 dies
904 1731 1086 1807 noctesque
1101 1742 1180 1785 con·

214 1828 346 1910 sumpsi,
362 1836 410 1909 ut,
426 1826 506 1910 quid
522 1836 671 1909 agerent,
689 1825 770 1910 quid
790 1824 997 1906 molirentur,
1021 1823 1180 1888 sentirem

214 1949 253 1991 ac
265 1927 423 2009 viderem,
445 1938 492 2011 ut,
509 1930 665 2013 quoniam
681 1927 819 1992 auribus
833 1929 955 1991 vestris
972 1936 1108 2012 propter
1129 1929 1180 1991 in·

212 2027 406 2093 credibilem
434 2030 699 2112 magnitudinem
729 2029 864 2093 sceleris
892 2031 1051 2093 minorem
1079 2028 1216 2097 fidemus

212 2131 338 2195 faceret
361 2134 467 2196 oratio
497 2154 586 2214 mea,
615 2154 685 2195 rem
714 2133 763 2195 ita
786 2130 1114 2216 comprehenderem,
1141 2141 1179 2195 ut

212 2244 281 2298 tum
298 2234 428 2298 demum
443 2237 563 2298 animis
580 2233 682 2298 saluti
697 2243 832 2298 vestrae
847 2233 1080 2318 provideretis,
1103 2255 1179 2298 cum

212 2336 317 2400 oculis
328 2337 527 2401 maleficium
542 2339 649 2422 ipsum
661 2336 833 2400 videretis.
855 2337 974 2420 Itaque
984 2345 1022 2399 ut
1034 2338 1178 2419 comperi

213 2440 341 2521 legatos
364 2439 585 2522 Allobrogum
612 2438 692 2503 belli
715 2438 931 2522 Transalpini
961 2446 994 2501 et
1017 2437 1177 2502 tumultus

212 2539 336 2606 Gallici
349 2543 521 2607 excitandi
533 2563 637 2606 causa
649 2565 669 2605 a
681 2541 868 2605 P.Lentulo
882 2563 955 2605 esse
968 2539 1213 2622 sollicitatos,ro

212 2667 331 2728 eosque
354 2646 388 2708 in
405 2641 552 2708 Galliam
575 2644 619 2707 ad
642 2666 719 2708 suos
742 2647 833 2707 cives
858 2643 1036 2728 eodemque
1058 2643 1179 2706 itinere

212 2769 286 2811 cum
307 2747 429 2810 litteris
445 2746 679 2817 mandatisque
701 2745 746 2808 ad
762 2744 943 2809 Catilinam
959 2767 1032 2809 esse
1046 2746 1176 2826 missos,

212 2851 430 2933 comitemque
445 2850 488 2912 iis
503 2848 697 2912 adiunctum
709 2871 783 2912 esse
795 2848 832 2910 Τ.
840 2848 1059 2928 Volturcium,
1076 2856 1177 2931 atque

212 2953 288 3016 huic
313 2974 385 3016 esse
409 2950 453 3014 ad
476 2948 657 3014 Catilinam
681 2949 780 3014 datas
803 2950 951 3032 litteras,
979 2949 1177 3014 facultatem

212 3054 291 3118 mihi
321 3052 469 3118 oblatam
495 3054 626 3137 putavi,
655 3063 707 3136 ut,
737 3053 826 3137 quod
850 3064 922 3118 erat
946 3053 1211 3118 difficillimuma

212 3156 363 3242 quodque
386 3176 447 3239 ego
473 3176 600 3240 semper
615 3154 773 3239 optabam
797 3153 839 3219 ab
857 3155 907 3219 dis
923 3155 1176 3237 immortalibus,

212 3269 247 3323 ut
263 3269 335 3323 tota
350 3281 403 3323 res
419 3281 486 3323 non
503 3259 608 3323 solum
631 3282 651 3323 a
674 3281 735 3341 me,
760 3259 936 3323 sedetiam
959 3282 980 3322 a
1002 3270 1121 3324 senatu
1144 3271 1183 3324 et

191 3378 233 3424 ta
248 3361 343 3425 vobis
359 3361 535 3425 manifesto
554 3360 864 3446 deprehenderetur.
888 3362 1006 3446 Itaque
1022 3362 1176 3426 hesterno

213 3463 266 3528 die
287 3463 327 3526 L.
343 3463 502 3528 Flaccum
525 3473 558 3527 et
581 3461 617 3526 O.
632 3463 842 3548 Pomptinum
863 3474 1045 3548 praetores,
1067 3464 1176 3529 fortis·

213 3567 313 3628 simos
331 3577 430 3650 atque
447 3567 693 3630 amantissimos
710 3567 759 3629 rei
773 3564 928 3651 publicae
943 3567 1043 3648 viros,
1066 3565 1213 3631 edmero

213 3669 346 3750 vocavi,
376 3690 444 3732 rem
469 3669 621 3752 exposui,
651 3667 732 3752 quid
753 3667 824 3731 fieri
847 3668 1009 3752 placeret,
1033 3668 1176 3734 ostendi.
