2817 4425
369 445 418 493 DE
437 443 629 494 CICERONIS
647 443 734 494 VITA
750 445 799 493 ΕΤ
818 443 987 495 SCRIPTIS.
1128 444 1162 493 Xl

194 638 313 714 nentia,
338 633 509 697 clementia
524 633 708 697 Siculorum
730 636 859 697 animos
881 655 1079 716 magnopere
1102 632 1162 696 sibi

195 735 391 801 conciliavit.
434 736 550 820 Itaque
580 734 682 800 Siculi
712 758 786 799 cum
813 758 843 798 a.
874 734 915 797 70
936 735 1080 815 Verrem,
1108 735 1163 819 qui

193 863 251 924 per
265 840 439 902 triennium
451 836 596 902 Siciliam
614 839 817 920 provinciam
831 836 1052 901 crudelissime
1065 858 1162 899 vexa·

194 952 295 1023 verat,
329 940 582 1024 repetundarum
610 950 817 1020 accusarent,
846 937 1037 1003 Ciceronem
1063 941 1162 1023 potis·

193 1046 309 1108 simum
339 1041 539 1124 delegerunt,
567 1044 620 1104 cui
649 1043 838 1126 provinciae
867 1044 1083 1127 patrocinium
1109 1041 1162 1104 de-

191 1146 323 1209 ferrent.
359 1143 424 1223 Qui
447 1151 562 1206 contra
583 1142 721 1207 Verrem
744 1145 925 1208 orationem
946 1145 1092 1209 -haec
1113 1153 1163 1208 est

191 1251 278 1312 actio
306 1247 343 1309 iic
374 1244 499 1309 Verrem
526 1247 631 1330 prima
660 1281 702 1292 -
730 1245 855 1320 habuit,
887 1268 952 1332 qua
978 1246 1012 1309 id
1046 1247 1162 1326 effecit,

190 1360 227 1415 ut
249 1350 369 1414 Verres
399 1349 574 1432 desperata
602 1349 668 1410 iam
698 1347 802 1411 salute
826 1370 886 1412 sua
914 1359 1031 1433 sponte
1060 1348 1162 1412 disce·

191 1454 283 1517 deret
310 1454 344 1515 in
374 1451 541 1531 exsilium,
570 1451 711 1533 quinque
740 1460 849 1513 autem
877 1449 925 1515 illi
952 1454 1090 1515 actionis
1117 1474 1163 1515 se·

191 1555 319 1620 cundae
344 1551 419 1616 libri
441 1574 508 1615 non
537 1551 617 1615 dicti
647 1552 777 1614 suntin
803 1550 935 1626 iudicio,
964 1552 1023 1616 sed
1051 1554 1163 1637 scripti

191 1665 318 1720 tantum
345 1654 442 1718 modo
473 1663 589 1738 postea
617 1652 789 1716 exsulante
817 1655 882 1717 iam
904 1655 1014 1719 Verre.
1057 1655 1097 1719 A.
1121 1653 1162 1715 69

191 1759 392 1823 aedilitatem
415 1758 517 1839 gessit
540 1753 665 1836 Cicero,
695 1755 799 1818 tribus
822 1757 916 1819 annis
939 1765 1015 1840 post
1040 1758 1083 1834 (a.
1107 1754 1160 1833 66)

190 1871 388 1947 praeturam.
412 1859 486 1939 Quo
510 1878 594 1921 anno
619 1879 693 1921 cum
717 1855 753 1920 C.
769 1857 923 1921 Manilius
946 1857 1094 1922 tribunus
1116 1858 1161 1942 pl.

190 1964 296 2046 legem
318 1963 417 2026 ferret
434 1960 477 2024 ad
493 1959 661 2044 populum,
684 1969 721 2022 ut
734 1958 811 2023 belli
828 1959 1049 2033 Mithridatici,
1074 1962 1161 2045 quod

190 2067 233 2130 ad
249 2065 283 2128 id
299 2075 427 2148 tempus
442 2063 600 2126 Lucullus
618 2072 775 2145 gesserat,
794 2065 966 2147 imperium
980 2063 1162 2128 traderetur

189 2167 357 2250 Pompeio,
381 2164 495 2229 Cicero
519 2174 651 2250 praetor
666 2188 739 2230 eam
761 2164 867 2248 legem
891 2167 994 2231 suasit
1016 2168 1162 2232 oratione

187 2290 247 2351 pro
270 2269 333 2350 lepe
356 2268 506 2331 Monilia
529 2272 597 2333 sive
620 2267 657 2330 de
679 2268 813 2345 imperio
837 2267 894 2332 Ge.
917 2267 1059 2348 Pompei.

206 2545 208 2551 Ι
275 2472 334 2536 ΙΙΙ.
370 2474 441 2536 Iam
475 2495 549 2536 cum
584 2472 791 2535 consulatum
825 2484 950 2557 peteret
978 2472 1093 2539 Cicero
1126 2480 1160 2539 in

189 2598 310 2639 annum
322 2574 363 2636 63
379 2578 483 2658 primo
501 2572 670 2639 ‘nobilitas
689 2574 813 2638 invidia
829 2577 1002 2640 aestuabat
1019 2589 1050 2641 et
1066 2582 1159 2662 quasi

189 2677 288 2762 pollui
305 2677 511 2741 consulatum
528 2677 693 2757 credebat,
712 2680 739 2741 si
756 2700 828 2742 cum
845 2683 994 2762 quamvis
1011 2681 1159 2763 egregius

188 2784 284 2843 homo
301 2801 406 2843 novus
426 2780 563 2864 adeptus
579 2781 672 2843 foret’
691 2778 784 2861 (Sall.
800 2781 831 2843 b.
849 2779 945 2845 Catil.
962 2804 990 2845 c.
1006 2780 1079 2864 23),
1104 2782 1160 2846 sed

188 2884 265 2967 quia
287 2890 356 2945 tum
384 2882 491 2965 ipsum
516 2905 536 2945 a
558 2879 701 2944 Catilina
717 2882 864 2966 ‚eiusque
892 2885 988 2947 sociis
1016 2888 1160 2949 maxima

186 2985 234 3046 rei
249 2982 400 3066 publicae
415 2984 628 3047 imminebant
648 2983 802 3067 pericula,
828 3006 986 3050 conversa
1001 2986 1159 3051 nobilium

187 3085 297 3150 studia
313 3097 388 3152 sunt
403 3096 435 3150 et
451 3088 624 3150 mandatus
638 3085 789 3150 Ciceroni
805 3097 855 3150 est
870 3090 1069 3169 consulatus,
1086 3089 1159 3153 finis

185 3186 241 3250 ille
253 3187 366 3272 populi
381 3189 549 3252 honorum.
567 3188 672 3265 Quem
688 3191 915 3270 magistratum
928 3200 964 3253 ut
976 3193 1157 3273 superiores

186 3311 300 3352 omnes
324 3312 382 3353 suo
407 3312 441 3352 se
469 3312 554 3353 anno
586 3289 741 3372 adeptum
764 3312 835 3352 esse
858 3326 901 3335 —
923 3314 1008 3355 anno
1041 3295 1158 3357 aetatis

184 3390 300 3453 XLIV
322 3413 486 3473 -saepe
515 3412 647 3454 numero
678 3391 718 3454 de
748 3414 782 3454 se
812 3392 990 3474 praedicat.
1036 3392 1156 3458 Consul

185 3502 295 3555 autem
319 3515 477 3556 summam
501 3516 579 3555 sane
603 3494 768 3576 praestitit
791 3494 998 3576 prudentiam
1022 3495 1155 3577 diligen-

184 3594 327 3677 tiamque
343 3598 376 3657 in
400 3595 583 3677 detegenda
606 3598 830 3659 coniuratione
848 3594 1017 3677 Catilinae,
1043 3607 1155 3661 contra

185 3717 281 3779 quem
302 3696 351 3758 IV
373 3696 447 3760 illas
469 3696 585 3760 habuit
615 3700 789 3778 orationes,
818 3706 915 3781 atque
938 3700 1063 3762 nefaria
1087 3702 1153 3763 eius
