2817 4425
522 422 636 473 INDEX
659 421 839 474 NOMINUM
1124 423 1162 485 71

227 626 252 661 a.
262 612 325 674 294,
339 610 418 661 aliter
431 609 544 660 Statoris
557 624 655 672 cogno·

227 710 289 745 men
296 694 655 759 Cicerointerpretatur1.33,

228 774 383 829 ubi‘Stator
395 780 474 829 huius
487 780 571 829 urbis'
583 778 655 827 idem

224 864 298 916 valet
304 863 654 931 atque‘quih.u.eonstituit'.

193 984 282 1038 latta
298 1002 324 1035 v.
342 984 462 1033 Porcius.

194 1066 319 1124 lentulus
337 1084 362 1118 v.
382 1068 530 1119 Cornelius.

194 1153 307 1220 [01115118
326 1170 351 1203 v.
370 1154 509 1203 Aemilius.

192 1236 224 1295 d.
248 1238 370 1294 lutatius
395 1237 508 1294 cnidius
536 1240 586 1287 111.
613 1240 654 1301 24,

227 1339 282 1374 cos.
299 1340 323 1374 a.
337 1326 369 1373 78
387 1325 423 1372 M.
441 1325 585 1373 Aemilium
603 1326 654 1373 Le-

226 1410 318 1475 pidum
339 1408 481 1475 collegam,
504 1412 551 1474 qui
568 1424 585 1459 a
606 1421 653 1473 po

227 1491 284 1554 puli
304 1494 423 1557 partibus
442 1494 529 1543 stabat
547 1501 574 1544 et
591 1502 651 1543 acta

227 1576 319 1627 Sullae
348 1580 429 1627 armis
459 1580 582 1628 studebat
611 1594 651 1629 re-

225 1663 357 1723 scindere,
366 1663 447 1712 Italia
457 1664 571 1727 expulit3
582 1664 652 1713 idern

225 1762 249 1797 a.
268 1749 300 1797 69
318 1747 412 1797 aedem
424 1750 497 1797 Iovis
508 1747 652 1812 Capitolini

224 1832 349 1881 incendio
370 1848 392 1882 a.
412 1833 445 1881 83
469 1837 651 1896 consumptam

224 1916 318 1965 refecit
338 1922 365 1966 et
382 1916 525 1967 dedicavit.

191 2049 239 2116 Su.
263 2051 373 2106 Maelius
397 2054 417 2101 Ι.
440 2055 466 2116 3,
491 2069 573 2118 eques
596 2055 651 2119 ple-

225 2136 301 2186 beius
326 2136 508 2198 divitissimus,
528 2155 652 2203 cumpo·

224 2222 288 2286 pulo
301 2222 371 2272 fame
383 2223 519 2273 laboranti
536 2225 651 2274 trumen-

223 2315 280 2356 tum
309 2324 359 2358 sua
387 2310 508 2373 impensa
538 2310 651 2374 largitus

224 2399 294 2444 esset
312 2399 340 2443 et
351 2408 385 2443 ea
398 2409 427 2443 re
441 2394 528 2458 plebis
547 2396 652 2444 animos

224 2478 276 2526 sibi
287 2477 468 2540 conciliasset,
481 2495 593 2544 regnum
606 2481 651 2529 ad-

221 2563 322 2613 fectare
344 2564 418 2612 visus
442 2579 459 2612 a
484 2563 513 2614 0.
538 2563 651 2613 Servilio

221 2647 651 2713 Ahilamagistroequitumiussu

222 2731 332 2793 Quincti
345 2731 500 2783 Cincinnati
513 2734 650 2784 dictatoris

221 2817 326 2867 occisus
344 2822 385 2867 est
402 2832 425 2866 a.
444 2820 502 2867 439.

188 2899 216 2955 θ·
225 2900 339 2956 Martius
348 2902 400 2965 L'l,
410 2904 451 2963 23,
462 2903 495 2952 Π.
508 2905 547 2963 14,
558 2911 648 2953 centu·

221 2986 262 3035 rio
273 2985 359 3036 fuerat
370 2988 398 3036 in
412 2986 504 3037 Sullae
518 2991 648 3049 exercitu,

221 3075 315 3134 postea
328 3069 460 3121 Catilinae
473 3074 561 3121 socius
575 3089 647 3122 exer-

222 3155 305 3204 eitum
322 3160 415 3206 contra
433 3171 489 3205 rem
511 3157 647 3220 publicam

221 3240 386 3303 comparavit
417 3241 490 3305 apud
518 3242 647 3291 Faesulas

219 3320 393 3387 (Manliana
419 3325 518 3377 costro’
545 3326 567 3375 L
595 3328 647 3391 10),

219 3407 318 3458 cecidit
338 3423 362 3460 a.
379 3410 412 3458 62
434 3411 464 3458 in
486 3409 589 3474 proelio
614 3412 648 3460 ad

218 3493 363 3545 Pistorium
383 3497 534 3544 commisso.

186 3577 329 3633 flmellus
351 3594 376 3627 v.
396 3578 534 3628 Claudius.

185 3657 214 3716 c.
234 3661 334 3718 llirlus
352 3663 374 3712 Ι.
389 3665 414 3725 4,
430 3663 479 3712 ΠΙ.
494 3666 533 3726 15,
546 3666 588 3724 24,
601 3665 645 3713 IV.

217 3748 260 3799 21.
268 3745 366 3813 Arpini
377 3746 474 3797 humili
490 3749 550 3799 loeo
566 3754 646 3800 natue

735 624 757 659 a.
765 608 822 669 155,
835 610 982 659 acerrimus
994 609 1164 674 popularium

733 698 849 759 partium
884 701 1074 759 propugnator,
1110 711 1164 744 cos.

734 780 985 843 a.107,104-100,
1001 781 1042 842 86,
1061 780 1164 829 bellum

733 863 922 928 Iugurthinum
940 864 1057 913 confecit
1074 880 1099 915 a.
1113 866 1162 914 107

732 949 825 1009 -105,
849 949 985 999 Teutonos
1011 949 1046 999 ad
1072 950 1163 1014 Aquas

734 1033 840 1082 Sextias
862 1048 888 1083 a.
907 1035 964 1097 102,
988 1033 1111 1083 Cimbros
1133 1036 1162 1083 in

733 1117 841 1182 Campis
868 1118 982 1167 Raudiis
1008 1134 1032 1170 a.
1055 1120 1102 1167 101
1128 1120 1162 1169 ad

731 1204 943 1253 internecionem
956 1202 1058 1253 delevit
1070 1211 1097 1253 et
1109 1204 1161 1253 Ro-

733 1304 834 1351 manos,
852 1288 950 1352 quide
973 1290 1085 1353 imperio
1108 1291 1161 1337 iam

733 1374 806 1423 etde
820 1374 946 1423 libertate
964 1375 1104 1437 timebant,
1121 1376 1161 1424 in·

705 1462 706 1466 ’
733 1461 807 1523 genti
824 1460 945 1523 periculo
963 1460 1097 1522 liberavit,
1115 1462 1161 1519 ita,

732 1548 763 1592 ut
783 1550 839 1592 tum
863 1551 1049 1593 conservatam
1072 1546 1107 1594 ab
1129 1560 1160 1594 eo

733 1643 791 1678 esse
814 1632 927 1693 patriam
951 1630 996 1678 vel
1019 1632 1161 1693 optimates

730 1714 892 1773 faterentur3
924 1728 948 1763 a.
978 1714 1026 1761 100
1058 1715 1161 1763 Marius

731 1805 834 1849 sextum
858 1814 921 1860 cos,
942 1804 972 1847 ut
997 1805 1055 1848 erat
1080 1799 1160 1849 homo

730 1884 800 1933 varii
829 1889 856 1932 et
880 1883 1018 1932 mutabilis
1048 1886 1159 1949 ingenii,

731 1982 793 2015 cum
804 1968 894 2016 subito
904 1968 939 2016 ad
948 1974 1058 2017 senatus
1070 1974 1160 2032 partes

729 2054 877 2112 transisset,
889 2053 1070 2111 Saturninum,
1077 2055 1159 2103 tribu-

731 2154 795 2186 num
807 2136 844 2201 pl.
860 2137 1024 2199 seditiosum,
1040 2144 1067 2186 et
1077 2137 1158 2187 Glau-

731 2226 800 2272 ciam
810 2230 968 2287 praetorem,
976 2240 1156 2288 quorumcon-

731 2309 792 2358 silia
803 2311 862 2373 ipse
874 2309 955 2374 paulo
968 2314 1029 2358 ante
1042 2311 1156 2368 iuverat,

731 2394 811 2442 armis
818 2395 950 2457 oppressit
959 2391 1018 2456 (111.
1029 2394 1068 2455 15,
1078 2411 1104 2443 v.
1111 2394 1159 2443 Sa-

730 2480 871 2541 turninus).
894 2479 981 2527 Mario
1000 2485 1110 2530 auctore
1126 2480 1157 2531 P.

731 2563 866 2627 Sulpicius
883 2563 1007 2614 tribunus
1025 2565 1063 2628 pl.
1081 2579 1106 2614 a·
1124 2564 1157 2618 88

729 2649 817 2712 legem
845 2650 1041 2713 promulgavit,
1071 2655 1102 2699 ut
1128 2646 1159 2699 (l.

729 2733 830 2781 Marius
840 2733 967 2782 adversus
976 2734 1158 2785 Mithridatem

729 2819 782 2868 dux
800 2824 936 2868 crearetur
947 2821 976 2868 in
995 2820 1084 2868 locum
1097 2819 1157 2868 Sul-

728 2904 779 2964 lae,
798 2905 842 2952 cui
853 2904 907 2951 iam
920 2908 1001 2952 antea
1014 2905 1156 2967 imperium

727 2988 801 3037 illius
824 2987 890 3036 belli
912 2988 1067 3037 mandatum
1091 2997 1156 3038 erat.

727 3073 762 3121 At
775 3071 851 3121 Sulla
863 3088 924 3120 cum
942 3074 1060 3121 exercitu
1072 3074 1101 3121 in
1113 3091 1156 3122 ur·

727 3158 786 3206 bem
805 3158 888 3219 venit,
905 3157 1034 3206 adversus
1046 3158 1114 3206 Mari
1131 3166 1157 3208 et

728 3241 830 3305 Sulpici
839 3241 1156 3305 factioneminipsaurbe

726 3326 857 3389 pugnavit
901 3341 1014 3389 eamque
1054 3328 1156 3392 expulit

725 3409 783 3472 (III.
793 3408 854 3474 24.).
864 3410 933 3458 Tum
940 3408 1084 3474 C.Marius,
1094 3428 1154 3460 cum

726 3495 833 3558 fugiens
856 3500 1043 3544 consectantes
1063 3495 1155 3546 Sullae

727 3581 831 3643 equites
843 3580 872 3627 in
886 3579 1030 3642 paludibus
1042 3581 1154 3631 Mintur-

726 3665 850 3713 nensium
860 3664 964 3725 lateret,
975 3670 1110 3715 extractus
1119 3682 1148 3716 ar

727 3748 868 3814 oppidanis
885 3751 914 3798 in
933 3765 1068 3800 carcerem
1085 3751 1145 3799 Min
