2817 4425
581 455 657 507 cun.
678 459 699 517 1,
718 456 742 523 ς.
761 458 836 508 1-1.
1154 455 1194 521 51

229 658 309 708 quam
326 646 398 694 tusas
417 659 499 708 seque
518 660 578 694 cum
602 645 696 708 paucis
714 644 838 694 relictum
855 644 943 705 videt,
965 660 1068 695 memor
1089 644 1196 709 generis

229 736 308 794 atquo
325 730 455 795 pristinae
467 744 532 779 suae
545 728 683 793 dignitatis
701 730 730 779 in
749 729 958 779 confertissimos
975 729 1067 780 hostes
1084 730 1197 779 incurrit

227 815 320 879 ibique
337 829 462 879 pugnans
481 812 641 863 confoditur'
665 812 743 880 (Sall.
760 813 826 864 bell.
845 813 925 864 catil.
944 830 967 864 c.
980 814 1032 879 60.)

330 930 455 1049 Video,
467 977 581 1051 patres
594 969 784 1051 conscripti,
798 963 1242 1033 11111166111111111116661111111Ιι

228 1094 286 1137 ora
309 1081 410 1155 atque
439 1068 551 1133 oculos
575 1090 649 1133 esse
672 1091 869 1151 convers0s3
897 1070 1012 1152 video,
1040 1092 1101 1135 vos
1128 1091 1194 1133 non
1254 1058 1256 1063 ¹

227 1173 334 1238 solum
351 1172 392 1236 de
410 1180 522 1235 vestro
541 1192 581 1234 ac
600 1172 649 1234 rei
666 1169 832 1255 publicae,
853 1194 968 1236 verum
987 1174 1097 1254 etiam,
1114 1174 1142 1235 si
1160 1171 1196 1236 id

228 1274 400 1358 depulsum
423 1274 477 1354 sit,
501 1271 542 1337 de
564 1294 635 1336 meo
658 1272 807 1357 periculo
831 1296 904 1338 esse
928 1268 1100 1338 sollicitos.
1132 1273 1195 1338 Est

205 1376 307 1450 ,mihi
337 1374 483 1440 iucunda
512 1376 546 1437 in
574 1373 672 1437 malis
701 1388 735 1438 et
764 1388 863 1457 grata
886 1378 921 1439 in
945 1375 1058 1441 dolore
1080 1386 1195 1441 vestra

227 1499 308 1560 erga
330 1499 383 1541 me
405 1476 571 1558 voluntas,
601 1476 660 1539 sed
683 1499 768 1559 eam,
796 1499 855 1562 per
879 1478 957 1541 deos
980 1478 1195 1561 immortales,

226 1580 381 1663 deponite
404 1588 504 1664 atque
528 1577 623 1642 obliti
647 1578 766 1643 salutis
789 1601 884 1644 meae
907 1580 1066 1645 devehis
1089 1604 1129 1645 ac
1154 1581 1194 1647 de

224 1683 346 1747 vestris
362 1679 478 1745 liberis
495 1682 654 1762 cogitate.
683 1679 766 1744 Mihi
790 1684 819 1745 si
840 1681 925 1747 haec
949 1682 1101 1747 condicio
1118 1705 1194 1748 con·

226 1784 354 1849 sulatus
373 1782 454 1846 date
477 1793 538 1863 est,
561 1794 598 1846 ut
621 1804 733 1847 omnes
757 1783 971 1865 acerbitates,
1001 1808 1114 1849 omnes
1138 1786 1194 1850 do·

191 1887 312 1960 wlores
328 1886 563 1968 cruciatusque
577 1885 767 1968 perferrem,
790 1886 896 1951 feram
918 1909 985 1950 non
1002 1887 1108 1952 solum
1129 1888 1194 1953 for·

224 1990 315 2067 titer,
337 2008 451 2050 verum
474 1988 576 2050 etiam
598 1984 753 2067 libenter,
778 1986 854 2051 dum
876 1987 974 2051 modo
996 1991 1079 2053 meis
1101 1988 1194 2053 labo·

224 2088 317 2153 ribus
347 2086 442 2151 vobis
471 2086 656 2172 populoque
683 2087 831 2152 Romano
861 2089 1010 2172 dignitas
1039 2090 1195 2177 salusque

223 2192 384 2277 pariatur.
407 2189 481 2272 Ego
498 2213 571 2255 sum
585 2188 642 2253 ille
659 2189 786 2273 consul,
801 2203 915 2276 patres
928 2195 1123 2278 conscripti,
1138 2195 1215 2259 cuit

223 2316 290 2359 non
312 2294 429 2375 forum,
452 2294 487 2356 in
510 2314 573 2378 quo
597 2295 703 2356 omnis
728 2295 881 2378 aequitas
905 2296 1104 2378 continetur,
1127 2319 1193 2362 non

189 2431 216 2471 η
224 2417 359 2480 campus
368 2393 600 2458 consularibus
609 2396 769 2478 auspiciis
782 2406 1082 2478 consecratus,non
1090 2401 1192 2478 curia,

224 2520 386 2562 summum
415 2496 579 2560 auxilium
607 2498 753 2560 omnium
782 2499 949 2581 gentium,
977 2521 1044 2563 non
1068 2501 1193 2584 domus,

224 2621 396 2666 commune
417 2598 615 2683 perfugium,
637 2619 705 2661 non
729 2598 836 2663 lectus
859 2599 904 2664 ad
916 2603 1062 2686 quietem
1085 2603 1194 2684 datus,

223 2727 290 2768 non
304 2702 445 2786 denique
454 2701 538 2765 haec
546 2700 643 2764 sedes
655 2700 791 2764 honoris
802 2723 949 2786 unquam
955 2704 1064 2768 vacua
1076 2708 1192 2770 mortis

222 2803 369 2891 periculo
393 2813 494 2887 atque
509 2801 643 2866 insidiis
659 2803 734 2866 fuit.
756 2801 830 2885 Ego
846 2804 953 2867 multa
969 2807 1071 2887 tacui,
1087 2806 1191 2871 multa

189 2907 357 2992 mpertuli,
379 2905 485 2970 multa
508 2907 670 2987 concessi,
694 2904 799 2968 multa
823 2928 895 2969 meo
920 2907 1064 2989 quodam
1080 2906 1193 2972 dolore

223 3012 258 3074 in
273 3019 385 3072 vestro
403 3010 522 3071 timore
539 3008 667 3070 sanavi.
702 3005 808 3087 Nunc,
826 3010 855 3071 si
870 3006 958 3070 hunc
975 3011 1101 3072 exitum
1116 3032 1192 3074 con·

224 3110 353 3175 sulatus
375 3111 439 3172 mei
463 3109 498 3172 di
527 3107 731 3172 immortales
754 3129 829 3172 esse
852 3107 1045 3191 voluerunt,
1072 3121 1109 3175 ut
1132 3133 1192 3176 vos

221 3211 443 3298 populumque
452 3209 636 3272 Romanum
648 3233 690 3274 ex
702 3210 809 3274 caede
821 3212 1018 3294 miserrima,
1034 3216 1192 3297 coniuges

221 3316 410 3397 liberosque
432 3320 563 3375 vestros
575 3313 791 3396 virginesque
802 3311 959 3377 Vestales
983 3337 1025 3379 ex
1048 3315 1192 3380 acerbis·

187 3420 307 3491 „sima
330 3415 526 3494 vexatione,
553 3412 680 3496 templa
703 3424 804 3498 atque
828 3413 984 3497 delubra,
1011 3416 1098 3480 hanc
1120 3417 1190 3502 pul·

222 3520 420 3583 cherrimam
442 3517 587 3600 patriam
611 3517 756 3579 omnium
771 3527 923 3580 nostrum
940 3541 983 3581 ex
997 3518 1190 3585 foedissima

221 3621 362 3700 flamma,
376 3628 483 3683 totam
495 3617 630 3682 Italiam
643 3640 686 3681 ex
697 3616 787 3681 bello
799 3634 831 3682 et
844 3622 1008 3684 vastitate
1022 3623 1190 3706 eriperem,

220 3743 444 3809 quaecumque
460 3718 540 3784 mihi
556 3721 614 3784 uni
629 3731 833 3804 proponetur
853 3722 996 3809 fortuna,
1020 3723 1189 3811 subeatur.

833 3863 838 3868 ,
900 3817 938 3874 ῑ,
982 3823 1012 3883 ,n
