2817 4425
582 417 658 469 cnr.
679 421 700 479 1,
719 420 743 481 s.
764 420 837 470 1-a.
1151 416 1194 482 35

229 602 401 668 Allobrogum
425 604 531 655 indiciis
555 612 581 656 et
604 610 659 657 suis
682 608 779 657 litteris
803 608 939 673 signisque
958 606 1075 657 convicti
1095 606 1124 655 in
1147 619 1193 655 cn·

228 686 341 735 stodiam
360 687 415 735 dati
440 698 509 737 sunt.
544 690 613 739 Tum
632 690 726 741 Cicero
745 698 839 741 senatu
858 690 967 740 dimisso
990 690 1019 739 in
1043 691 1192 740 contionem

228 772 326 837 prodiit
344 785 378 836 st,
397 774 528 837 quomodo
553 776 669 824 convicti
692 782 783 825 essent
801 776 933 825 coniurati
951 781 978 824 et
996 789 1065 839 quas
1082 780 1192 825 senatus

228 858 399 921 decrevisset,
417 858 516 923 populo
534 859 586 909 hac
603 862 683 910 tertia
702 862 825 925 exposuit
843 864 972 913 orations.

344 981 429 1077 Rem
441 1013 619 1097 publicam,
633 1014 793 1097 Quirites,
805 1017 973 1100 vitamque
986 1017 1130 1080 omnium
1137 1038 1190 1079 ve·
1203 1029 1213 1082 1
1226 1038 1238 1079 r

229 1129 341 1198 strum,
367 1116 463 1195 bona,
486 1116 647 1198 fortunas,
670 1119 830 1201 coniuges
846 1117 1034 1202 liberosque
1049 1128 1191 1197 vestros,

227 1232 326 1304 atque
349 1219 411 1283 hoc
428 1218 629 1284 domicilium
645 1219 825 1284 clarissimi
837 1223 975 1305 imperii,
999 1222 1190 1285 fortunatis·

227 1326 343 1387 simam
355 1320 672 1406 pulcherrimamque
691 1320 806 1385 urbem
817 1322 976 1386 hodierno
991 1322 1044 1386 die
1057 1322 1190 1387 deorum

206 1423 460 1491 simmortalium
473 1445 598 1486 summo
611 1444 692 1506 erga
704 1446 764 1488 vos
779 1446 899 1505 amore,
916 1424 1097 1505 laboribus,
1114 1446 1190 1488 con·

227 1528 320 1603 siliis,
343 1524 501 1610 periculis
518 1527 597 1589 meis
617 1525 782 1590 eflamma
805 1537 904 1611 atque
927 1528 1014 1590 ferro
1030 1548 1070 1589 ao
1085 1548 1190 1611 paene

227 1654 268 1695 ex
289 1628 441 1693 faucibus
465 1628 526 1691 fati
550 1638 697 1713 ereptam
721 1640 754 1693 et
776 1629 871 1693 vobis
895 1639 1127 1694 conservatam
1150 1650 1190 1691 ac

225 1734 414 1797 restitutam
426 1728 558 1793 videtis.
593 1728 637 1792 Et
661 1732 689 1793 si
713 1752 778 1793 non
801 1734 910 1795 minus
934 1730 1030 1794 nobis
1053 1730 1212 1795 iucundis

225 1846 323 1917 atque
353 1831 500 1895 illustres
531 1843 608 1895 sunt
630 1832 654 1895 ii
679 1830 766 1912 dies,
796 1832 914 1916 quibus
944 1854 1190 1913 conservamur,

193 1954 216 1992 ιο
225 1959 323 2020 quam
339 1934 400 2014 illi,
424 1932 541 2017 quibus
559 1936 737 2015 nascimur,
761 1934 849 2018 quod
873 1934 991 1998 salutis
1008 1945 1101 1997 certa
1123 1933 1189 1998 lae·

224 2041 301 2101 titia
325 2046 386 2116 est,
415 2034 577 2098 nascendi
600 2036 730 2099 incerta
753 2036 916 2117 condicio,
946 2047 978 2100 et
1007 2036 1096 2121 quod
1119 2039 1190 2100 sine

224 2162 324 2203 sensu
345 2139 523 2219 nascimur,
547 2159 620 2200 cum
636 2136 809 2222 voluptate
825 2161 1007 2219 servamur,
1029 2139 1189 2224 profecto,

225 2243 378 2326 quoniam
403 2239 505 2320 illum,
529 2241 584 2322 qui
608 2239 694 2303 hanc
718 2239 833 2304 urbem
857 2241 1017 2318 condidit,
1042 2242 1086 2305 ad
1110 2241 1188 2305 deos

223 2342 424 2408 immortales
451 2329 864 2426 benevolentia‘famaque
888 2343 1092 2422 sustulimus,
1116 2365 1189 2407 esse

190 2474 214 2512 rs
223 2446 313 2532 apud
328 2467 387 2508 vos
410 2454 626 2528 posterosque
642 2454 772 2508 vestros
797 2447 831 2508 in
854 2446 978 2508 honore
999 2445 1188 2519 debebitis,

223 2551 278 2632 qui
295 2547 435 2611 eandem
450 2545 536 2609 hanc
559 2544 674 2609 urbem
695 2545 865 2610 conditam
888 2547 1188 2632 amplificatamque

222 2651 379 2715 servavit.
402 2648 487 2712 Nam
503 2649 567 2711 toti
583 2646 668 2724 urbi,
691 2648 831 2732 templis,
843 2648 1002 2730 delubris,
1025 2653 1123 2715 tectis
1148 2674 1185 2714 ac

220 2749 391 2816 moenibus
410 2749 577 2813 subiectos
594 2771 696 2834 prope
710 2752 775 2814 iam
787 2751 881 2833 ignes
900 2753 1186 2836 circumdatosque

220 2856 443 2931 restinximus,
468 2851 620 2936 idemque
644 2850 777 2934 gladios
800 2855 834 2916 in
856 2875 925 2917 rem
948 2853 1115 2937 publicam
1133 2855 1186 2919 de·

187 2957 354 3020 astrictos
382 2953 580 3016 rettudimus
609 2975 850 3037 mucronesque
879 2976 990 3018 eorum
1021 2979 1040 3020 a
1063 2956 1200 3037 iugulis·

220 3057 341 3121 vestris
350 3055 538 3118 deiecimus.
556 3053 650 3133 Quae
662 3058 819 3139 quoniam
831 3058 865 3119 in
876 3068 994 3120 senatu
1007 3057 1185 3140 illustrata,
1196 3081 1207 3117 s

219 3159 406 3244 patefacta,
440 3167 608 3241 comperta
633 3168 709 3221 sunt
732 3179 791 3242 per
814 3181 881 3240 me,
915 3158 1010 3224 vobis
1040 3162 1106 3223 iam
1130 3183 1184 3224 ex·

218 3281 339 3345 ponam
366 3256 528 3339 breviter,
557 3256 722 3340 Quirites,
751 3270 786 3322 ut
816 3269 848 3323 et
872 3270 997 3345 quanta
1027 3272 1059 3327 et
1088 3284 1183 3346 quam

218 3363 397 3426 manifesta
414 3369 447 3424 et
459 3380 524 3444 qua
536 3362 667 3424 ratione
682 3362 889 3444 investigata
903 3372 934 3427 et
949 3364 1184 3447 comprehensa

220 3467 297 3547 sint,
314 3485 384 3549 ¹ros,
401 3463 457 3547 qui
473 3462 638 3544 ignoratis
655 3472 689 3526 et
704 3466 921 3548 exspectatis,
938 3468 1023 3530 scire
1038 3468 1184 3550 possitis.

318 3566 497 3649 Principio,
512 3574 548 3627 ut
562 3562 711 3629 Catilina
726 3569 843 3650 paucis
857 3577 936 3632 ante
948 3568 1065 3632 diebus
1079 3571 1184 3653 erupit

186 3693 261 3746 „ex
283 3668 374 3750 urbe,
404 3688 478 3731 oum
503 3665 638 3730 sceleris
664 3667 714 3731 sui
745 3670 868 3741 socios,
898 3667 1035 3733 huiusce
1065 3671 1183 3734 nefarii

1001 3786 1032 3836 3*
