2817 4425
249 438 291 499 24
574 438 612 488 IN
630 439 661 487 L.
681 437 879 489 CATILINAM
896 438 923 487 11

250 627 353 708 guidi,
371 627 510 690 conserti
527 627 612 709 cibo,
628 629 727 692 sertis
743 628 899 706 redimiti,
915 627 1093 708 ungnentis
1111 623 1217 700 obliti,

251 729 420 793 debilitati
443 733 576 814 stupris,
601 741 755 794 eructant
772 728 977 794 sermonibus
994 731 1063 792 suis
1080 725 1217 791 caedem

219 863 241 899 ιι
251 831 410 895 bonorum
433 841 532 916 atque
554 831 647 896 urbis
671 832 838 895 incendia.
863 831 992 911 Quibus
1009 850 1069 912 ego
1086 828 1216 893 confido

250 933 438 1016 impendere
469 936 574 999 fatum
596 935 733 1020 aliquod
761 944 793 999 et
821 956 962 1020 poenam
988 935 1055 996 iam
1079 933 1136 996 diu
1158 935 1216 994 im·

250 1036 427 1118 probitati,
455 1039 641 1120 nequitiae,
672 1037 800 1116 sceleri,
831 1036 964 1100 libidini
989 1036 1136 1099 debitam
1158 1045 1238 1099 aute

250 1141 376 1202 instare
399 1140 465 1202 iam
487 1138 587 1222 plane
610 1148 667 1202 aut
696 1148 787 1202 certe
813 1141 1088 1223 appropinquare.
1124 1137 1215 1216 Quos

251 1243 279 1302 si
294 1262 386 1303 meus
398 1239 602 1321 consulatus,
627 1243 782 1325 quoniam
802 1263 922 1303 sanare
937 1262 1004 1303 non
1019 1249 1139 1324 potest,
1153 1260 1218 1302 sus-

250 1343 375 1422 tulerit,
407 1365 472 1405 non
497 1341 599 1405 breve
621 1344 735 1407 neseio
759 1343 847 1426 quod
869 1354 1008 1425 tempus,
1032 1341 1092 1405 sed
1114 1340 1215 1405 multa

251 1442 385 1506 saecula
415 1445 611 1526 propagarit
639 1447 686 1508 rei
716 1445 881 1528 publicae.
925 1442 1025 1507 Nulla
1055 1453 1106 1506 est
1128 1444 1216 1507 enim

250 1547 352 1624 natio,
376 1566 473 1629 quam
496 1549 779 1630 pertimescamus,
802 1545 912 1611 nullus
927 1569 997 1628 rex,
1021 1549 1076 1629 qui
1092 1545 1216 1610 bellum
1225 1575 1250 1611 ιο

250 1646 369 1730 populo
390 1649 538 1712 Romano
561 1649 672 1713 facere
695 1652 817 1735 possit3
842 1650 951 1713 omnia
975 1657 1051 1711 sunt
1075 1657 1215 1711 externa

249 1753 348 1813 unius
376 1752 500 1814 virtute
529 1759 621 1816 terra
648 1756 798 1836 marique
826 1761 964 1836 pacata3
998 1751 1214 1814 domesticum

249 1851 371 1915 bellum
395 1863 524 1936 manet3
547 1857 636 1917 intus
661 1855 804 1918 insidiae
828 1866 914 1937 sunt,
938 1857 1026 1918 intus
1050 1853 1214 1916 inclusum

249 1955 431 2038 periculum
448 1966 508 2037 est,
532 1959 621 2019 intus
639 1968 689 2020 est
706 1958 823 2021 hostis.
847 1956 929 2020 Cum
951 1955 1092 2021 luxuria
1108 1955 1214 2031 nobie,

251 2079 324 2119 curn
340 2055 497 2138 amentia,
516 2080 590 2120 cum
609 2058 736 2121 scelere
752 2060 948 2122 certandum
966 2070 1026 2123 est.
1050 2060 1137 2122 Huic
1153 2077 1248 2139 egon

250 2182 301 2223 me
323 2159 411 2223 bello
429 2157 545 2223 ducem
568 2159 734 2245 profiteor,
759 2159 922 2242 Quiritem
946 2162 1089 2245 suscipio
1108 2161 1215 2223 inimi·

250 2264 349 2325 oitias
373 2263 539 2326 hominum
563 2262 784 2347 perditorum3
808 2284 893 2346 quae
916 2265 1028 2326 sanari
1051 2271 1216 2345 poterunt,

251 2386 455 2448 quacumque
477 2368 609 2429 ratione
633 2366 777 2446 sanabo3
801 2388 886 2449 quae
908 2364 1093 2429 resecanda
1110 2375 1216 2442 erunt,

250 2488 316 2528 non
328 2469 439 2548 patiar
451 2468 496 2530 ad
507 2470 687 2552 perniciem
696 2470 997 2532 civitatismanere.
1010 2466 1218 2531 Proindeaut

251 2579 372 2630 exeant
389 2578 447 2631 aut
459 2571 633 2651 quiescant
649 2580 718 2650 aut,
742 2572 770 2633 si
786 2579 819 2633 et
841 2571 875 2632 in
897 2569 979 2633 urbe
995 2579 1028 2633 et
1052 2572 1086 2631 in
1102 2567 1252 2632 eademao

251 2678 361 2733 mente
384 2680 591 2755 permanent,
622 2693 671 2752 ea,
702 2693 788 2755 quae
810 2681 988 2751 merentur,
1012 2681 1217 2754 exspectent.

192 2773 242 2826 ⁸1²
353 2770 399 2833 At
422 2773 523 2834 etiam
547 2782 633 2853 sunt,
657 2775 713 2855 qui
737 2772 861 2853 dicant,
885 2772 1044 2854 QuiriteS,
1067 2796 1087 2836 a
1109 2794 1161 2835 me
1184 2775 1218 2835 in

253 2874 407 2938 exsilium
423 2877 564 2938 eiectum
581 2897 654 2939 esse
666 2867 859 2939 Catilinam.
884 2874 981 2955 Quod
997 2896 1058 2958 ego
1076 2877 1104 2939 si
1115 2876 1217 2938 verbo

253 2978 391 3062 adsequi
415 3000 556 3061 possem,
585 2979 668 3042 istos
692 2979 783 3062 ipsos
808 2980 957 3059 eicerem,
989 2981 1043 3064 qui
1066 2978 1149 3042 haec
1173 2980 1218 3042 lo·

254 3090 408 3164 quuntur.
426 3080 533 3143 Homo
547 3080 636 3143 enim
647 3079 806 3143 videlicet
819 3080 954 3143 timidus
968 3084 1135 3145 autetiam
1146 3103 1218 3165 per·
1228 3102 1254 3140 ao

252 3182 421 3245 modestus
446 3204 560 3246 vocem
589 3181 737 3247 consulis
761 3181 848 3245 ferre
875 3203 941 3245 non
969 3185 1093 3266 potuit,
1123 3183 1219 3245 simul

253 3295 353 3367 atque
378 3287 425 3346 ire
448 3286 482 3346 in
506 3283 660 3347 exsilium
684 3286 793 3347 iussus
818 3294 879 3366 est,
902 3286 1024 3369 paruit,
1048 3287 1120 3349 ivit.
1154 3285 1219 3347 He-

255 3397 366 3449 sterno
391 3385 455 3467 die,
479 3385 636 3468 Quirites,
665 3408 740 3449 cum
766 3386 853 3450 domi
876 3409 968 3451 meae
991 3409 1097 3471 paene
1120 3389 1219 3449 inter-

255 3490 364 3552 fectus
382 3510 498 3570 essem,
524 3498 676 3552 senatum
693 3491 727 3551 in
736 3489 861 3552 'aedem
877 3490 966 3553 Iovis
984 3487 1127 3553 Statoris
1144 3509 1220 3551 con-

255 3592 390 3669 vocavi,
420 3612 489 3654 rem
518 3612 647 3654 omnem
675 3591 720 3654 ad
749 3601 861 3676 patres
885 3594 1092 3676 conscriptos
1118 3590 1255 3654 detulieo

255 3728 295 3739 -
320 3713 382 3777 quo
411 3713 486 3757 cum
509 3690 656 3757 Catilina
684 3696 848 3771 venisset,
884 3696 955 3778 quis
986 3716 1060 3758 eum
1089 3704 1223 3759 senator
