2817 4425
232 432 274 493 44
518 434 555 482 ns
573 434 604 481 n.
624 433 823 482 cssmmsm
841 433 881 481 111

232 619 433 684 etauxilium
446 619 542 684 nobis
558 618 718 701 tulerunt,
731 630 769 684 ut
782 642 838 685 eos
850 641 957 703 paene
970 620 1201 685 oculisvidere

230 742 409 805 possemus.
432 721 518 786 Nam
535 732 573 786 ut
589 720 649 785 illa
667 723 828 803 omittam,
840 723 932 787 visas
942 731 1105 787 nocturno
1117 732 1200 787 tem·

229 843 308 905 pore
316 822 359 888 ab
367 824 540 889 occidente
548 823 967 908 facesardoremquecaeli,
980 807 1016 889 ut
1024 823 1199 889 fulminum

230 925 349 1009 iaetus,
360 934 398 990 ut
409 935 522 991 terrae
533 937 642 991 motus
655 924 852 1010 relinquam,
864 934 901 991 ut
912 928 1063 990 omittam
1075 935 1199 1010 cetera,

229 1048 314 1111 quae
325 1036 396 1093 tam
407 1028 512 1094 multa
524 1028 621 1092 nobis
634 1027 829 1093 consulibus
841 1028 933 1092 facta
947 1038 1034 1109 sunt,
1050 1037 1087 1091 ut
1104 1028 1221 1111 haec,s

229 1141 314 1211 quae
335 1152 423 1195 nunc
445 1131 540 1211 fiunt,
563 1151 685 1194 canere
709 1129 743 1193 di
766 1129 970 1194 immortales
993 1130 1198 1213 viderentur,

228 1230 289 1294 hoc
306 1242 407 1313 certe,
432 1229 591 1313 Quirites,
608 1230 696 1315 quod
712 1253 784 1295 sum
801 1230 961 1312 dicturus,
981 1253 1087 1317 neque
1102 1253 1197 1315 prae·

196 1333 479 1398 rstermittendum
490 1332 927 1418 nequerelinquendumest.
950 1333 1197 1418 Namprofecto

228 1437 385 1499 memoria
400 1437 535 1518 tenetis,
554 1433 654 1500 Cotta
671 1444 705 1500 et
717 1435 886 1520 Torquato
900 1434 1093 1500 consulibus
1109 1457 1196 1501 com-

227 1536 338 1626 plures
368 1538 403 1601 in
426 1536 594 1622 Capitolio
623 1560 676 1601 res
708 1537 750 1601 de
778 1537 872 1602 caelo
904 1559 979 1602 esse
1006 1560 1195 1623 percussas,
1206 1570 1232 1608 10

129 1707 131 1711 ,
227 1660 300 1703 cum
324 1649 356 1703 et
379 1639 559 1705 simulacra
584 1640 720 1705 deorum
743 1640 884 1725 depulsa
907 1650 984 1705 sunt
1007 1650 1041 1705 et
1063 1652 1197 1707 statuae

227 1750 375 1806 veterum
389 1742 559 1807 hominum
577 1741 728 1807 deiectae
744 1752 777 1806 et
792 1742 905 1825 legum
919 1765 998 1807 aera
1013 1742 1197 1828 liquefacta

228 1852 259 1912 et
281 1852 393 1908 tactus
418 1845 519 1908 etiam
542 1843 609 1923 ille,
633 1844 689 1929 qui
713 1843 800 1907 hano
823 1843 939 1908 urbem
954 1843 1117 1928 condidit,
1132 1846 1197 1911 Ro·

226 1944 343 2026 mulus,
371 1966 467 2029 quem
483 1947 673 2010 inauratum
690 1946 726 2009 in
741 1944 909 2029 Capitolio
931 1968 1072 2031 parvum
1096 1957 1196 2033 atque

226 2047 419 2129 lactantem,
434 2046 593 2111 uberibus
609 2046 733 2132 lupinis
749 2048 944 2131 inhiantem,
963 2050 1232 2117 fuissememi·1s

225 2151 333 2216 nistis.
358 2148 431 2230 Quo
448 2150 582 2236 quidem
597 2159 746 2235 tempore
762 2172 836 2223 cum
851 2152 1046 2238 haruspices
1064 2176 1106 2219 ex
1121 2164 1195 2221 tota

224 2253 361 2318 Etruria
369 2254 617 2335 convenissent,
630 2253 752 2317 caedes
761 2254 1027 2338 atqueinoendia
1039 2264 1071 2319 et
1083 2255 1196 2339 legum

224 2357 396 2419 interitum
419 2363 451 2418 et
474 2353 598 2419 bellum
621 2354 722 2419 civile
738 2377 778 2419 ac
796 2355 1014 2421 domesticum
1036 2368 1069 2422 et
1091 2361 1194 2425 totius

224 2456 316 2521 urbis
346 2466 446 2542 atque
474 2458 604 2542 imperii
633 2478 789 2522 occasum
812 2460 1079 2543 appropinquare
1102 2459 1195 2524 dixe·

224 2567 317 2640 runt,
344 2560 411 2621 nisi
434 2557 468 2622 di
492 2559 696 2622 immortales
720 2560 809 2622 omni
832 2561 964 2623 ratione
985 2559 1112 2643 placati
1134 2584 1193 2626 suo
1204 2589 1236 2628 so

189 2661 357 2724 sonumine
384 2680 487 2743 prope
509 2659 583 2723 fata
606 2662 680 2744 ipsa
702 2661 887 2724 flexissent.
921 2661 1039 2746 Itaque
1061 2663 1194 2729 illorum

223 2763 392 2847 responsis
420 2771 491 2826 tum
522 2773 555 2826 et
582 2761 653 2826 ludi
682 2785 742 2846 per
766 2763 880 2828 decem
904 2763 975 2828 dies
1003 2765 1086 2829 facti
1115 2779 1195 2832 sunt

223 2885 329 2950 neque
351 2887 406 2930 res
428 2863 509 2947 ulla,
533 2886 619 2949 quae
642 2864 688 2929 ad
703 2864 889 2950 placandos
907 2865 986 2931 deos
1001 2869 1194 2952 pertineret,

223 2967 461 3050 praetermissa
495 2975 563 3049 est3
595 2965 750 3052 idemque
779 2969 950 3032 iusserunt
981 2967 1195 3036 simulacrum

223 3069 313 3132 Iovis
325 3069 437 3133 facere
456 3070 564 3133 maius
587 3077 620 3132 et
643 3071 677 3132 in
694 3069 828 3132 excelso
844 3069 1012 3134 collocare
1027 3081 1060 3135 et
1076 3084 1194 3138 contra
1204 3099 1231 3138 25

225 3178 324 3254 atque
347 3180 448 3235 antea
470 3171 579 3235 fuerat
603 3170 648 3234 ad
671 3172 833 3235 orientem
855 3183 1066 3255 convertere3
1095 3197 1135 3238 ac
1158 3197 1194 3240 se

226 3293 358 3356 sperare
372 3272 540 3355 dixerunt,
556 3274 585 3336 si
600 3271 685 3336 illud
701 3275 843 3355 signum,
860 3272 948 3357 quod
963 3274 1097 3358 videtis,
1114 3276 1194 3342 solis

226 3383 333 3439 ortum
356 3384 389 3438 et
411 3375 518 3440 forum
541 3375 734 3458 curiamque
757 3377 978 3458 conspiceret,
1002 3377 1073 3442 fore
1095 3389 1132 3442 ut
1155 3402 1196 3445 ea

226 3475 377 3558 consilia,
391 3499 476 3561 quae
489 3476 576 3542 olam
590 3486 702 3540 essent
716 3479 801 3540 inita
814 3486 932 3542 contra
945 3476 1089 3544 salutem
1101 3480 1194 3547 urbis

228 3587 328 3662 atque
343 3579 483 3663 imperii,
500 3577 760 3659 illustrarentur,
783 3587 819 3642 ut
836 3601 857 3642 a
873 3587 993 3643 senatu
1008 3581 1195 3666 populoque
1205 3605 1232 3645 so

229 3681 375 3745 Romano
388 3681 535 3762 perspici
550 3689 698 3750 possent.
722 3681 832 3746 Atoue
848 3680 932 3745 illud
947 3683 1079 3754 signum
1095 3683 1196 3750 collo·
