2817 4425
243 432 282 494 14
554 432 593 480 ΙΝ
610 432 642 480 L.
661 429 858 480 CATILINAM
876 430 889 477 Ι

239 620 426 701 latrocinio,
450 629 486 685 ut
510 643 530 684 a
553 643 604 684 me
627 641 693 683 non
718 622 843 683 eiectus
859 619 904 682 ad
919 619 1057 698 alienos,
1081 618 1211 682 sedin·

204 723 364 789 nvitatus
389 722 433 786 ad
456 732 531 787 tuos
556 725 622 787 isse
638 721 797 786 videaris.
822 721 1031 804 Quamquam
1046 719 1127 803 quid
1143 742 1209 803 ego
1319 736 1321 819 q

237 833 272 888 te
295 827 443 907 invitem,
467 848 573 912 aquo
597 828 664 889 iam
688 828 794 889 sciam
818 846 890 889 esse
912 824 1124 908 praemissos,
1149 826 1209 905 qui

237 926 301 991 tibi
330 927 375 991 ad
396 928 520 991 Forum
544 927 717 992 Aurelium
750 925 1036 1011 praestolarentur
1071 928 1208 1006 armati,

238 1032 292 1094 cui
308 1032 409 1094 sciam
425 1040 560 1115 pactam
583 1040 616 1094 et
633 1032 850 1093 constitutam
873 1050 948 1091 cum
962 1026 1089 1089 Manlio
1106 1025 1230 1108 diem,s

236 1154 257 1194 a
281 1153 343 1215 quo
368 1133 469 1196 etiam
492 1132 638 1217 aquilam
661 1131 754 1195 illam
778 1140 989 1213 argenteam,
1019 1150 1118 1213 quam
1139 1129 1207 1193 tibi

235 1255 275 1297 ac
298 1236 365 1296 tuis
389 1234 540 1297 omnibus
570 1234 700 1297 confido
729 1234 951 1317 perniciosam
974 1252 1014 1293 ac
1036 1230 1206 1295 funestam
1320 1311 1321 1333 Χ

234 1336 389 1418 futuram,
411 1338 465 1399 cui
490 1336 578 1399 domi
593 1345 672 1399 tuae
687 1336 873 1398 sacrarium
888 1335 1108 1397 constitutum
1129 1333 1205 1415 fuit,

234 1437 341 1499 sciam
363 1458 435 1501 esse
457 1436 699 1522 praemissam?
722 1436 773 1499 Tu
794 1445 831 1498 ut
854 1435 913 1499 illa
937 1456 1052 1498 carere
1077 1434 1203 1499 diutius

233 1540 351 1621 possis,
376 1560 474 1623 quam
495 1541 650 1603 venerari
678 1539 723 1602 ad
750 1538 887 1602 caedem
914 1538 1127 1622 proficiscens
1151 1558 1239 1601 soro

232 1638 338 1720 lebas,
361 1664 382 1703 a
406 1644 498 1705 cuius
523 1641 687 1706 altaribus
714 1662 813 1725 saepe
836 1642 936 1703 istam
960 1641 1094 1723 impiam
1118 1638 1201 1703 dex·
1318 1628 1321 1738 q'

232 1751 340 1805 teram
364 1744 408 1806 ad
430 1766 545 1807 necem
568 1746 690 1807 civium
713 1741 943 1806 transtulisti?
1318 1752 1320 1822 l

160 1869 222 1925 was
334 1844 403 1909 Ibis
420 1846 556 1909 tandem
571 1845 763 1930 aliquando,
780 1866 843 1929 quo
859 1846 976 1909 teiam
991 1845 1117 1930 pridem
1133 1848 1201 1910 ista
1315 1889 1319 1945 q

154 1981 156 1985 Α
232 1956 290 2011 tua
314 1948 481 2031 cupiditas
506 1948 665 2012 effrenata
689 1969 729 2012 ac
753 1948 878 2012 furiosa
900 1948 1063 2032 rapiebat.
1085 1947 1201 2031 Neque

233 2051 319 2113 enim
343 2049 405 2113 tibi
434 2050 517 2114 haec
546 2073 599 2113 res
623 2050 733 2113 adfert
758 2049 920 2131 dolorem,
950 2050 1010 2113 sed
1032 2050 1237 2133 quandamn

233 2150 464 2216 incredibilem
480 2152 698 2237 voluptatem.
723 2151 777 2217 Ad
792 2151 879 2216 hano
895 2162 928 2217 te
945 2154 1124 2217 amentiam
1140 2175 1199 2216 na·

231 2265 307 2318 tura
330 2257 474 2340 peperit,
504 2256 660 2319 voluntas
684 2258 852 2336 exercuit,
882 2256 1016 2319 fortuna
1039 2259 1198 2320 servavit.
1317 2258 1319 2306 l

230 2357 407 2442 Nunquam
419 2369 455 2422 tu
473 2381 539 2422 non
551 2359 648 2423 modo
663 2360 775 2435 otium,
793 2359 853 2421 sed
869 2358 911 2421 ne
928 2357 1051 2422 bellum
1063 2359 1198 2442 quidem
1304 2364 1310 2377 '

230 2462 295 2523 nisi
308 2461 471 2524 nefarium
484 2463 680 2544 concupisti.
697 2461 826 2524 Nactus
840 2483 874 2523 es
888 2483 930 2523 ex
945 2459 1086 2544 perditis
1096 2471 1198 2545 atque

230 2562 273 2624 ab
298 2565 386 2624 omni
408 2584 474 2625 non
498 2563 594 2625 modo
610 2563 753 2643 fortuna,
776 2585 890 2625 verum
913 2565 1014 2627 etiam
1031 2586 1088 2648 spe
1105 2564 1234 2628 dere-a

110 2677 140 2710 V
196 2663 320 2727 salictis
347 2664 522 2729 conflatam
545 2665 768 2748 improborum
791 2687 934 2728 manum.
978 2666 1044 2728 Hic
1073 2678 1108 2730 tu
1132 2689 1196 2750 qua
1316 2672 1317 2695 ¹

229 2766 360 2830 laetitia
376 2767 553 2851 perfruere,
570 2767 688 2851 quibus
705 2768 838 2849 gaudiis
856 2767 1052 2851 exsultabis,
1070 2781 1197 2853 quanta

228 2871 262 2931 in
290 2869 461 2954 voluptate
495 2869 720 2949 bacchabere,
755 2892 830 2933 cum
863 2872 897 2933 in
929 2879 1025 2934 tanto
1058 2894 1196 2938 numero

228 2980 360 3035 tuorum
371 2995 478 3057 neque
491 2971 607 3035 audies
620 2974 729 3034 virum
745 2971 867 3035 bonum
880 2993 1078 3076 quemqqam
1089 2998 1196 3060 neque

156 3128 165 3150 q
227 3073 375 3136 videbis!
413 3072 575 3136 Adhuius
591 3074 682 3135 vitae
700 3072 845 3136 studium
868 3054 1028 3139 meditati
1047 3078 1096 3142 illi
1120 3090 1232 3149 suntas

178 3210 182 3220 -
228 3176 284 3256 qui
300 3175 451 3238 feruntur
466 3173 599 3238 labores
621 3177 679 3256 tui,
703 3177 815 3238 iacere
830 3172 921 3240 humi
937 3200 1004 3242 non
1021 3179 1126 3244 solum
1151 3183 1196 3246 ad
1314 3159 1316 3170 Ι

227 3274 446 3340 obsidendum
459 3285 619 3361 stuprum,
631 3299 746 3340 verum
759 3280 861 3340 etiam
873 3279 918 3342 ad
930 3281 1059 3344 facinus
1073 3282 1195 3346 obeun-

228 3366 320 3460 dum,
336 3379 480 3461 vigilare
503 3401 569 3443 non
593 3379 698 3443 solum
721 3379 936 3445 insidiantem
959 3404 1073 3446 somno
1096 3390 1195 3450 mari-

181 3468 200 3551 ',
226 3489 349 3563 torum,
373 3503 487 3544 verum
510 3483 611 3545 etiam
632 3482 729 3544 bonis
754 3483 942 3547 otiosorum.
986 3484 1112 3568 Habes,
1136 3489 1195 3553 ubi

227 3592 373 3647 ostentes
397 3595 487 3648 tuam
511 3583 603 3648 illam
625 3584 836 3668 praeclaram
858 3587 1055 3669 patientiam
1083 3589 1230 3674 tamisa

227 3684 376 3766 frigoris,
409 3689 539 3750 inopias
564 3709 670 3742 rarum
697 3689 839 3748 omnium
886 3688 1005 3769 quibus
1035 3702 1068 3754 te
1097 3692 1192 3758 brevi
