2817 4425
189 418 232 483 53
469 421 557 471 mn
574 421 830 472 crimmum

191 606 408 692 voluerimus,
441 632 590 674 summae
610 610 709 674 nobis
732 610 944 675 crudelitatis
970 613 1007 675 in
1027 613 1165 696 patriae

159 711 380 795 ”civiumque
400 714 552 797 pernicie
573 712 664 776 fama
687 711 863 777 subeunda
884 722 948 775 est.
983 712 1059 776 Nisi
1079 734 1164 777 vero

190 813 336 898 cuipiam
350 812 392 877 L.
407 811 545 895 Caesar,
566 817 620 878 vir
641 814 844 878 fortissimus
860 824 893 878 ct
910 816 1164 879 amantissimus

189 917 240 981 rci
253 914 419 1001 publicae,
434 916 602 980 crudelior
614 916 738 980 nudius
754 918 876 981 tertius
890 919 984 980 visus
1000 928 1062 996 est,
1084 937 1165 980 cum

191 1020 315 1083 sororis
331 1040 422 1099 suae,
437 1019 582 1082 feminae
593 1018 810 1100 lectissimae,
824 1020 936 1082 virum
948 1029 1187 1103 praesentem

191 1130 225 1185 st
239 1120 433 1185 audientem
446 1122 520 1185 vita
534 1120 737 1205 privandum
753 1142 827 1183 esse
843 1119 942 1201 dixit,
963 1142 1039 1183 cum
1061 1142 1165 1184 avum

191 1244 287 1287 suum
307 1224 401 1287 iussu
422 1222 571 1286 consulis
593 1223 808 1286 interfectum
827 1221 999 1306 filiumque
1014 1224 1086 1285 eius
1101 1224 1164 1286 im·

190 1323 358 1410 puberem,
380 1323 529 1405 legatum
552 1345 574 1387 a
594 1333 692 1407 patre
713 1325 862 1405 missum,
891 1325 926 1387 in
948 1345 1084 1387 carcere
1105 1346 1164 1387 ne·

190 1438 302 1491 catum
314 1447 389 1489 esse
401 1424 498 1488 dixit
527 1422 675 1503 Quorum
686 1424 777 1509 qnod
788 1424 896 1488 simile
908 1424 1058 1489 factum?
1073 1424 1166 1509 qnod

190 1530 309 1593 initum
322 1526 485 1591 delendae
499 1528 548 1590 rei
559 1526 715 1611 publicae
730 1526 929 1591 consilium?
950 1526 1164 1609 Largitionis
1173 1554 1199 1594 ιο

190 1629 347 1695 voluntas
367 1638 440 1693 tum
462 1630 496 1692 in
518 1628 713 1714 republica
728 1639 864 1692 versata
887 1639 938 1692 est
962 1638 995 1692 et
1017 1631 1165 1712 partium

191 1732 355 1818 quaedam
371 1734 553 1797 contentio.
585 1732 698 1817 Atque
721 1732 779 1795 illo
794 1742 943 1816 tempore
963 1732 1062 1795 huius
1077 1754 1164 1795 avus

191 1833 338 1917 Lentuli,
353 1836 407 1899 vir
421 1834 639 1914 clarissimus,
655 1844 805 1898 armatus
818 1832 1011 1898 Gracchum
1022 1844 1074 1899 est
1088 1856 1162 1918 per·

193 1948 336 2001 secutus.
380 1936 443 2001 Ille
465 1938 565 2000 etiam
590 1957 694 2018 grave
716 1947 788 1999 tum
809 1936 930 2000 vulnus
954 1938 1098 2020 accepit,
1119 1960 1164 2001 ne

193 2037 273 2124 quid
309 2038 351 2103 do
388 2061 515 2103 summa
551 2061 588 2101 re
629 2038 766 2123 publica
803 2038 1065 2121 deminueretur3
1107 2039 1199 2105 hicn

192 2140 238 2207 ad
260 2141 441 2206 evertenda
468 2142 517 2205 rei
538 2126 706 2227 publicae
723 2140 941 2205 fundamenta
965 2139 1083 2206 Gallos
1107 2163 1164 2205 ao-

192 2246 306 2327 cersit,
330 2245 468 2309 servitia
490 2245 650 2325 concitat,
673 2242 856 2308 Catilinam
872 2254 982 2326 vocat,
1006 2245 1165 2311 attribuit

192 2368 253 2412 nos
286 2348 504 2412 trucidandos
533 2345 681 2430 Cethego
716 2356 749 2411 et
779 2358 908 2411 ceteros
937 2350 1029 2412 cives
1059 2349 1163 2413 inter·

191 2449 352 2514 ficicndos
386 2447 548 2532 Gabinio,
582 2450 698 2514 urbem
731 2449 1004 2513 inflammandam
1031 2447 1164 2532 Cassio,

192 2560 298 2616 totam
309 2550 445 2615 Italiam
460 2551 662 2616 vastandam
679 2550 967 2636 diripiendamque
983 2549 1163 2616 Catilinae.
1173 2578 1199 2618 au

191 2653 384 2718 Vereamini
406 2673 536 2733 censeo,
565 2675 607 2716 ne
630 2655 665 2716 iu
686 2652 750 2717 hoc
780 2653 906 2718 scelere
927 2664 997 2718 tam
1024 2657 1166 2720 immani

193 2778 234 2822 ac
245 2755 390 2821 nefando
403 2757 502 2820 nimis
518 2754 648 2839 aliquid
664 2777 781 2820 severe
793 2758 953 2820 statuisse
963 2756 1164 2842 videamini3

192 2857 294 2925 multo
317 2859 425 2940 magis
449 2867 501 2922 est
523 2857 716 2939 verendum,
744 2880 787 2921 ne
816 2860 1013 2922 remissione
1034 2881 1165 2943 poenae

192 2960 344 3028 crudeles
360 2962 395 3024 in
410 2962 565 3045 patriam,
582 2982 681 3044 quam
696 2981 740 3023 ne
755 2963 936 3026 severitate
952 2961 1163 3026 animadver-

194 3065 296 3129 sionis
308 3064 408 3128 nimis
417 3062 629 3127 vehementes
644 3063 920 3128 inacerbissimos
932 3064 1045 3128 hostes
1058 3062 1199 3129 fuissem

192 3166 374 3231 videamur.

133 3274 184 3331 vu
278 3266 345 3331 Sed
361 3290 411 3351 ea,
435 3290 520 3352 quae
536 3268 692 3349 exaudio,
716 3278 830 3353 patres
847 3271 1040 3354 conscripti,
1065 3268 1163 3333 dissi·

192 3369 318 3435 mulare
340 3391 407 3434 non
430 3391 574 3454 possum.
618 3370 793 3436 Iaciuntur
816 3373 904 3435 enim
926 3394 1041 3452 voces,
1077 3393 1165 3455 quae

192 3473 390 3558 perveniunt
418 3473 463 3536 ad
485 3495 582 3537 aures
605 3495 714 3556 meas,
744 3496 872 3556 eorum,
904 3476 960 3558 qui
981 3475 1089 3537 vereri
1112 3476 1163 3538 vi·

193 3573 322 3655 dentur,
344 3583 381 3638 ut
404 3574 547 3639 habeam
570 3576 653 3639 satis
676 3575 836 3660 praesidii
860 3576 904 3640 ad
927 3598 975 3657 ea,
1000 3596 1085 3658 quac
1100 3596 1200 3642 vosuo

194 3675 379 3740 statueritis
409 3674 568 3739 hodierno
600 3675 667 3734 dio.
704 3677 919 3742 *rsnsismds
978 3675 1100 3741 Omnia
1130 3690 1165 3746 ct
