2817 4425
239 419 278 479 10
552 418 590 466 1u
608 418 640 466 n.
660 417 889 467 cnrm1uau1

235 622 348 708 populi
370 624 512 686 Romani
536 623 732 687 obstitisse?
775 623 826 687 Ac
855 626 922 688 iam
944 617 1143 690 illa'omitto
1165 657 1206 673 -

235 748 341 809 neque
366 728 452 789 enim
476 735 552 789 sunt
576 736 635 788 aut
658 725 803 790 obscura
826 736 973 790 autnon
992 726 1097 791 multa
1120 749 1208 791 com·

236 830 339 891 missa
362 837 479 911 postea
502 862 544 873 -
568 829 721 911 quotiens
745 837 784 891 tu
805 850 857 891 me
882 827 1105 910 designatum,
1128 851 1208 912 quo·

236 931 322 992 tiens
336 951 415 993 vero
432 929 603 993 consulem
618 930 807 993 interficere
823 938 964 993 conatus
982 931 1033 994 esl
1050 939 1128 1014 quot
1146 952 1207 1012 ego

236 1043 312 1094 tuas
336 1034 514 1116 petitiones
538 1034 587 1095 ita
610 1034 798 1111 coniectas,
828 1041 865 1096 ut
887 1034 991 1096 vitari
1018 1054 1118 1117 posse
1141 1055 1230 1103 nona

236 1133 440 1212 viderentur,
457 1155 564 1217 parva
582 1133 729 1217 quadam
743 1133 969 1199 declinatione
986 1144 1029 1213 et,
1045 1144 1083 1198 ut
1102 1136 1207 1215 aiunt,

237 1257 375 1318 corpore
388 1236 502 1318 effugi!
525 1236 616 1299 Nihil
630 1236 836 1321 adsequeris,
848 1260 955 1322 neque
968 1248 1080 1301 tamen
1093 1240 1207 1301 conari

205 1361 278 1401 mac
294 1338 380 1401 velle
400 1338 544 1401 desistis.
575 1337 738 1418 Quotiens
755 1339 844 1402 tibi
835 1362 902 1403 ram
919 1348 1052 1403 extorta
1075 1349 1126 1403 est
1141 1341 1208 1402 ista

238 1444 308 1503 sica
333 1440 373 1503 de
396 1441 566 1504 manibusl
601 1444 754 1527 quotiens
784 1442 912 1505 excidit
934 1464 1016 1505 casu
1039 1441 1152 1525 aliquo
1176 1451 1210 1505 ct

216 1523 353 1626 elapsa
384 1545 450 1607 est!
496 1543 591 1623 Quae
615 1545 748 1629 quidem
771 1544 890 1629 quibus
922 1544 982 1609 abs
1011 1554 1044 1608 te
1073 1545 1244 1611 initiatam

208 1647 346 1708 sacris
365 1668 404 1709 ac
422 1645 604 1710 devota't
561 1655 604 1710 sit
606 1649 755 1728 ,nescio,
774 1647 863 1731 quod
875 1669 948 1710 eam
960 1668 1099 1711 necesse
1110 1656 1208 1731 putas

178 1736 325 1830 [esse
334 1751 370 1811 in
389 1739 539 1813 consulis
563 1771 701 1833 corpore
726 1749 880 1831 defigere

212 1855 228 1905 7
339 1851 435 1913 Nunc
458 1872 537 1913 vero
561 1872 647 1934 quae
669 1859 730 1913 tua
754 1861 804 1913 est
828 1853 895 1912 ista
918 1852 967 1913 vit
954 1849 1014 1913 ta?
1043 1847 1098 1913 Sic
1121 1850 1208 1911 enim

238 1954 305 2015 iam
317 1961 426 2015 tecum
442 1950 571 2034 loquar,
587 1972 654 2014 non
671 1960 709 2012 ut
725 1951 801 2014 odio
817 1959 988 2034 permotus
1002 1951 1208 2031 essevidear,

238 2076 301 2137 quo
319 2053 432 2133 debeo,
458 2052 517 2116 sed
538 2064 575 2116 ut
590 2052 832 2133 misericordia,
856 2074 941 2136 quae
957 2052 1021 2115 tibi
1042 2052 1136 2117 nulla
1153 2052 1207 2115 de·
1220 2080 1245 2119 15

237 2158 344 2221 betur.
373 2155 507 2220 Venisti
522 2155 622 2240 paulo
646 2165 725 2220 ante
749 2156 782 2218 in
806 2166 969 2223 senatum.
1004 2153 1087 2235 Quis
1109 2163 1145 2219 te
1168 2176 1211 2218 ex

189 2306 192 2321 ,
216 2260 302 2332 Ι,11αο
325 2269 422 2323 tanta
445 2259 633 2343 frequentia
656 2267 772 2341 totque
795 2260 862 2322 tuis
892 2259 1010 2321 amicis
1032 2279 1073 2320 ac
1095 2279 1210 2320 neces·

240 2364 338 2425 sariis
360 2361 545 2424 salutavit?
582 2359 618 2424 si
640 2361 703 2423 hoc
728 2369 803 2445 post
827 2361 995 2423 hominum
1018 2359 1210 2422 memoriam

240 2465 381 2544 contigit
404 2465 539 2544 nemini,
563 2465 655 2525 vocis
673 2471 852 2546 exspectas
868 2460 1114 2542 contumeliam,
1135 2482 1211 2525 cum

241 2567 285 2658 sis
295 2566 493 2646 gravissimo
501 2563 625 2627 iudicio
633 2565 878 2628 taciturnitatis
887 2562 1088 2647 oppressus?
1100 2561 1212 2642 Quid?
1221 2589 1246 2627 m

240 2668 327 2752 quod
356 2666 503 2729 adventu
533 2675 590 2728 tuo
621 2668 689 2728 ista
713 2665 872 2730 subsellia
895 2665 1095 2728 vacuefacta
1124 2675 1211 2743 sunt,

240 2769 328 2854 quod
351 2791 462 2832 omnes
487 2767 698 2843 consulares,
723 2770 780 2851 qui
802 2766 865 2831 tibi
886 2788 1048 2850 persaepe
1071 2766 1116 2829 ad
1138 2787 1212 2829 cae·

241 2855 315 2935 dem
328 2873 503 2936 constituti
510 2871 654 2953 fuerunt,
668 2871 877 2954 simulatque
891 2868 1065 2948 adsedisti,
1082 2877 1213 2952 partem

240 2977 340 3038 istam
353 2973 585 3038 subselliorum
597 2973 723 3036 nudam
735 2983 836 3056 atque
850 2974 983 3034 inanem
995 2969 1213 3054 reliquerunt,

144 3089 174 3129 ts
207 3096 231 3134 u
241 3098 304 3159 quo
327 3075 464 3139 tandem
480 3077 590 3138 animo
607 3074 671 3138 tibi
688 3074 862 3149 ferendum
877 3072 1001 3158 putas?
1035 3070 1133 3137 servi
1147 3094 1247 3136 mera

240 3178 374 3241 hercule
390 3180 454 3242 mei
472 3181 500 3241 si
523 3200 575 3241 me
598 3180 662 3240 isto
686 3188 786 3261 pacto
809 3185 1007 3254 metuerent,
1030 3185 1067 3241 ut
1091 3185 1125 3239 te
1147 3195 1211 3236 me-

241 3291 337 3343 tuunt
354 3303 466 3344 omnes
491 3283 582 3344 cives
605 3283 665 3361 tui,
690 3279 822 3344 domum
836 3302 945 3343 meam
959 3275 1212 3362 relinquendam

240 3394 408 3466 putarem·
436 3392 508 3446 tut
495 3382 558 3446 tibi
580 3381 696 3446 urbem
719 3403 785 3446 non
809 3379 1010 3445 arbitraris?
1043 3388 1085 3459 et,
1110 3379 1138 3440 si
1160 3399 1213 3441 me

241 3488 323 3548 meis
347 3485 510 3548 civibus
501 3485 624 3547 rniuria
648 3493 839 3566 suspectum
872 3506 925 3546 am
939 3481 1090 3598 praviter
1112 3487 1214 3563 atque

243 3587 401 3651 offensum
413 3586 571 3666 viderem,
588 3607 704 3650 carere
721 3607 773 3648 me
789 3550 993 3670 adspectu
964 3584 1097 3663 crvium,
1114 3603 1249 3667 quamao

243 3689 382 3755 infestis
395 3687 651 3779 cmrrjupnocul
657 3710 672 3738 s
696 3689 843 3750 conscio-i
875 3685 975 3749 mall
958 3707 1025 3764 ’τις
1058 3693 1107 3765 tu,
1137 3705 1211 3748 cum
1255 3683 1258 3689 ’
