2817 4425
366 855 649 954 ORATIO
677 854 1026 953 SECUNDA

446 1022 618 1088 unsrrn
640 1024 687 1088 ur
710 1020 948 1088 oonrronu.

551 1377 838 1434 ARGUMENTUM.

314 1500 446 1551 Postridie
464 1515 544 1565 quam
555 1499 642 1549 Roma
659 1500 777 1564 profugit
796 1499 921 1557 Catilina,
941 1498 1035 1548 Cicero
1054 1498 1176 1546 contione

212 1592 360 1636 convocata
378 1587 523 1638 secundam
542 1586 637 1635 habuit
648 1587 676 1635 in
690 1585 834 1635 Catilinam
854 1588 1008 1645 orationem,
1027 1599 1088 1649 qua,
1108 1598 1176 1648 quae

210 1674 238 1721 in
251 1678 349 1722 senatu
367 1677 442 1738 gesta
460 1677 557 1731 essent,
575 1671 675 1736 populo
689 1672 812 1736 exposuit
830 1677 864 1730 et,
883 1673 1008 1735 quoniam
1028 1673 1111 1730 erant,
1131 1669 1176 1733 qui

210 1756 288 1807 illum
306 1759 335 1806 in
354 1757 476 1808 exsilium
495 1759 610 1807 eiectum
622 1771 682 1806 esse
701 1773 718 1807 a
735 1756 845 1806 consule
862 1757 890 1805 vi
909 1761 937 1805 et
953 1757 1031 1805 minis
1049 1755 1179 1818 dicerent,

210 1843 342 1892 rationem
359 1843 423 1892 iacti
441 1842 483 1892 sui
506 1841 633 1904 reddidit3
658 1840 738 1891 simul
762 1842 923 1900 coniuratos,
943 1842 988 1904 qui
1006 1842 1034 1889 in
1052 1841 1119 1891 urbe
1136 1856 1177 1890 re·

210 1933 373 1990 manserant,
390 1929 519 1990 hortatur,
538 1933 567 1976 ut
585 1925 641 1976 ‘aut
658 1928 725 1976 urbe
744 1931 843 1977 exeant
865 1933 912 1976 aut
930 1927 1071 1992 quiescant
1089 1931 1142 1988 aut,
1153 1927 1176 1975 si

211 2017 239 2064 et
255 2015 285 2062 in
302 2013 368 2064 urbe
386 2019 414 2063 et
430 2014 459 2062 in
478 2012 571 2062 eadem
585 2018 674 2062 mente
687 2017 915 2076 permaneantea,
935 2026 1004 2076 quae
1016 2017 1176 2070 mereantur,

211 2098 382 2163 exspectent’,
400 2101 484 2148 bonos
503 2103 592 2146 autem
611 2096 751 2147 confirmat
775 2103 801 2148 et
824 2097 877 2146 sibl
895 2097 1058 2160 deorumque
1076 2095 1175 2146 auxilio

211 2181 345 2233 confidere
362 2183 445 2233 iubet.

312 2352 467 2452 Tandem
482 2387 673 2472 aliquando,
689 2388 848 2467 Quirites,
870 2388 909 2451 L.
924 2387 1113 2468 Catilinam,
1129 2388 1176 2450 fu·
1190 2393 1219 2444 l¹

211 2498 340 2553 rentem
362 2488 514 2571 audacia,
537 2490 645 2553 scelus
661 2488 883 2568 anhelantem,
906 2500 1032 2572 pestem
1047 2491 1178 2573 patriae

211 2592 341 2656 nefarie
356 2591 554 2673 molientem,
577 2592 672 2655 vobis
689 2601 789 2675 atque
805 2591 880 2655 huic
896 2591 971 2655 urbi
985 2592 1071 2656 ferro
1087 2592 1176 2655 flam·

211 2715 331 2778 maque
352 2694 562 2757 minitantem
591 2716 634 2758 ex
660 2692 741 2758 urbe
763 2692 816 2756 vel
846 2696 1002 2757 eiecimus
1024 2693 1077 2757 vel
1102 2696 1178 2757 emi·

191 2798 314 2869 ,simus
326 2794 381 2859 vel
392 2797 499 2879 ipsum
512 2796 739 2878 egredientem
752 2796 864 2860 verbis
877 2798 1045 2880 prosecuti
1056 2818 1178 2859 sumus.

211 2896 317 2979 Abiit,
334 2900 489 2980 excessit,
506 2901 624 2979 evasit,
642 2900 759 2982 erupit.
782 2898 882 2961 Nulla
898 2900 965 2961 iam
980 2900 1142 2981 pernicies
1159 2921 1178 2961 a

212 3009 359 3064 monstro
389 2999 446 3063 illo
476 3011 577 3086 atquc
605 3001 758 3084 prodigio
786 3001 957 3064 moenibus
985 3003 1066 3085 ipsis
1089 3004 1178 3065 intra

211 3104 343 3166 moenia
374 3103 636 3187 comparabitur.
681 3101 791 3187 Atque
813 3104 901 3166 hunc
925 3103 1057 3186 quidem
1080 3127 1179 3167 unum

212 3206 310 3269 huius
334 3204 414 3268 belli
439 3205 612 3269 domestici
636 3205 753 3269 ducem
784 3206 855 3269 sine
878 3207 1108 3269 controversia
1130 3208 1179 3268 vi·

183 3308 329 3380 ecimus.
357 3307 431 3370 Non
447 3310 534 3371 enirn
558 3310 623 3371 iam
646 3310 734 3371 inter
756 3307 864 3371 latera
886 3317 1001 3373 nostra
1025 3311 1096 3371 sica
1119 3309 1178 3372 illa

213 3406 419 3490 versabitur3
437 3431 502 3472 non
520 3411 554 3472 in
570 3431 697 3492 campo,
714 3431 780 3473 non
798 3411 831 3472 in
848 3409 929 3490 foro,
950 3412 1061 3473 nonin
1075 3412 1177 3491 curia,

213 3532 279 3575 non
290 3510 430 3594 denique
441 3513 529 3577 intra
541 3512 892 3596 domesticosparietes
900 3513 1177 3596 pertimescemus.

214 3611 305 3677 Loco
322 3610 378 3675 ille
395 3624 502 3677 motus
522 3622 583 3691 est,
600 3634 674 3676 cum
690 3623 740 3676 est
758 3636 799 3676 ex
816 3612 898 3676 urbe
918 3603 1083 3697 depulsus.
1117 3614 1178 3677 Pa·

968 3732 1000 3778 2}
