2817 4425
227 446 317 497 XVIII
362 520 364 523 Ι
432 445 686 495 MEMORABILIA
704 446 814 495 VITAE
833 445 1031 496 CICERONIS.

231 614 1246 641 m

362 676 474 724 ANNI
1223 642 1227 701 ⁸

263 810 282 843 t.
296 810 316 844 r.
328 810 346 844 e.
361 780 363 863 i
375 793 464 845 dicereris
476 783 479 866 Ι
489 812 508 845 r.
518 795 551 845 di.
557 811 577 847 ι.

282 949 331 997 696
404 950 437 996 49
520 949 552 997 68
604 950 644 1028 ,0.
673 951 734 1015 lege
765 949 859 1000 Clodia
887 948 990 1012 perlata
1021 948 1049 996 in
1083 946 1204 996 exsilium

664 1035 694 1096 it,
719 1034 935 1095 Thessalonicae,
962 1038 1023 1097 poet
1045 1030 1206 1098 Dyrrhachii

665 1118 741 1169 exsul
758 1120 834 1167 vivit.

282 1203 331 1251 697
405 1202 438 1251 60
520 1204 552 1250 67
614 1202 644 1253 O.
663 1204 697 1253 ab
717 1204 811 1253 exsilio
829 1209 977 1253 revocetur.

282 1287 331 1335 698
405 1286 436 1336 61
521 1288 552 1337 66
614 1288 646 1340 Ρ.
664 1286 773 1341 Sestius
801 1288 953 1338 defenditur
980 1305 996 1338 a
1024 1289 1153 1339 Cicerone
1180 1297 1206 1336 ct

666 1374 822 1423 absolvitur.

282 1456 331 1504 699
405 1456 437 1505 69
521 1456 552 1503 66
615 1458 644 1509 C.
663 1460 757 1508 scribit
775 1456 809 1510 de
826 1462 938 1510 oratore
955 1459 974 1507 l.
991 1459 1040 1509 ΙΙΙ.

282 1542 331 1589 709
405 1541 438 1589 66
521 1543 553 1589 62
616 1542 645 1594 C.
660 1542 794 1595 Milonem
811 1543 930 1593 defendit
948 1543 1205 1608 devipostulatum.

283 1625 331 1672 703
405 1626 438 1675 66
520 1623 551 1673 bt
615 1629 740 1679 Ciceroni
763 1628 859 1687 Cilicia
880 1629 1020 1693 provincia
1043 1629 1141 1693 obtigit
1157 1644 1205 1692 pro

665 1730 719 1764 cor.
738 1712 864 1779 regenda.

283 1794 333 1843 764
406 1797 438 1844 67
520 1794 552 1842 60
615 1799 644 1849 C.
663 1799 697 1849 de
714 1800 854 1865 provincie
872 1798 985 1848 decedit.

283 1877 332 1927 705
406 1882 438 1931 68
485 1879 552 1954 ἡ40
613 1884 690 1933 Bello
709 1884 785 1933 civili
802 1888 893 1933 coorto
912 1884 1068 1947 Pompeium
1092 1884 1121 1931 in
1142 1882 1205 1947 Epr-

664 1984 723 2019 rum
741 1970 868 2032 sequitur.
936 2024 939 2032 ι

283 2048 332 2097 700
406 2048 438 2096 09
613 2056 690 2104 Victo
714 2056 749 2105 ad
774 2055 933 2106 Pharsalum
956 2055 1085 2120 Pompeio
1114 2054 1206 2103 Cicero

601 2127 605 2136 ⁵
664 2140 697 2190 ab
717 2141 798 2189 armis
817 2139 958 2189 discedens
969 2141 998 2188 in
1009 2139 1117 2189 Italiam
1130 2138 1207 2197 redit,

663 2225 803 2275 Brundisii
821 2240 850 2274 ee
868 2230 950 2274 tenet.
1206 2203 1212 2218 ⁴

284 2303 332 2351 707
406 2303 439 2350 00
614 2310 779 2360 Aaneare
805 2310 923 2374 benigne
952 2316 1032 2374 etque
1062 2285 1216 2358 honorifice‘

538 2440 541 2451 .
665 2401 792 2460 ecceptne
809 2394 921 2444 Romam
938 2395 1075 2444 invitatur.

284 2471 332 2518 708
406 2473 437 2520 61
616 2481 644 2530 C.
663 2481 757 2547 scribit
774 2478 906 2539 Brutum,
925 2482 1071 2537 oratorem,

284 2556 333 2604 709
406 2558 438 2604 67
539 2558 548 2584 ’
615 2563 660 2616 De
677 2563 781 2628 finibus
799 2563 932 2616 bonorum
949 2562 1129 2616 etmalorum
1146 2563 1207 2613 LV.

284 2642 332 2689 710
406 2641 438 2689 03
615 2652 712 2699 Primis
733 2650 799 2698 anni
822 2649 959 2699 mensibus
982 2648 1012 2698 O.
1031 2647 1228 2705 Tusculanas}

666 2732 874 2800 disputationes
886 2734 1012 2783 absolvit.
1024 2734 1118 2783 Idibus
1130 2735 1207 2782 Mart.

666 2821 766 2872 Caesar
779 2837 796 2870 a
813 2822 959 2870 coniuratis
977 2819 1143 2871 interficitur.
1165 2820 1208 2868 Ci-

666 2922 727 2956 cero
745 2906 829 2956 libros
848 2904 1007 2956 denatura
1034 2903 1156 2964 deorum,
1176 2903 1210 2956 de

666 2995 812 3058 senectute,
835 2988 1027 3057 deamicitia,
1051 2988 1085 3042 de
1107 2989 1209 3055 officiis
1293 3047 1296 3054 ⁴

667 3077 768 3125 ecribit.

617 3162 717 3211 Caesar
738 3161 910 3222 Octavianus,
930 3162 1072 3222 Antonine,
1090 3161 1208 3224 Lepidne

666 3249 774 3297 tresviri
786 3249 827 3296 rei
837 3247 911 3312 publ.
931 3232 1146 3308 constituendae3
1166 3245 1209 3293 Ci-

667 3347 729 3381 cero
747 3333 782 3381 ab
800 3333 925 3394 Antonio,
944 3347 1023 3396 quem
1044 3330 1209 3380 orationibus

666 3414 835 3482 Philippicis
850 3416 913 3465 XIV
922 3416 1136 3480 exacerbaverat,
1149 3431 1208 3479 pro·

668 3503 783 3564 scriptus
796 3501 926 3551 occiditur
939 3516 962 3549 a.
977 3499 1002 3548 d.
1016 3499 1073 3549 VH.
1090 3500 1129 3551 Id.
1142 3501 1207 3549 Dec.
1224 3489 1230 3583 ἰ
