2817 4425
486 421 561 472 our.
579 424 672 482 o-ro,
690 422 717 488 g.
735 424 842 472 19-22.
1154 425 1196 489 29

231 610 273 674 ab
289 610 404 674 inferis
421 611 637 694 excitandus3
653 614 709 696 qui
722 614 822 676 etiam
837 633 904 676 non
919 612 1028 676 nullos
1045 623 1195 696 agrestes

215 713 378 796 ,homines
395 705 511 776 tenues
524 723 624 798 atque
637 724 774 797 egentes
791 717 825 779 in
842 714 981 779 eandem
996 715 1088 780 illam
1104 738 1195 801 spem

230 818 422 898 rapinarum
437 824 586 880 veterum
602 816 812 901 impulerunt.
844 816 935 897 Quos
951 837 1013 900 ego
1036 827 1194 903 utrosque

230 921 264 980 in
288 918 403 983 eodem
419 938 542 1000 genere
556 920 792 1003 praedatorum
810 919 1078 1005 direptorumque
1092 943 1194 1006 pono,

203 1020 290 1102 ,used
319 1042 374 1084 eos
402 1021 465 1085 hoo
488 1043 620 1105 moneo,
656 1022 813 1086 desinont
835 1023 944 1087 furere
968 1045 1008 1088 ao
1031 1027 1193 1109 proscrip-

228 1125 338 1187 tiones
355 1144 395 1185 ao
412 1122 598 1187 dictaturas
614 1125 776 1207 cogitare.
807 1124 936 1188 Tantus
952 1127 1039 1189 enim
1061 1125 1194 1190 illorum

228 1234 413 1311 temporum
427 1225 520 1290 dolor
535 1229 665 1289 inustus
685 1236 737 1290 est
755 1228 897 1306 civitati,
912 1237 949 1290 ut
965 1229 1032 1291 iam
1046 1228 1113 1292 ista
1128 1249 1193 1291 non

229 1328 326 1392 modo
345 1328 510 1410 homines,
539 1328 599 1392 sed
627 1350 669 1392 ne
692 1328 837 1412 pecudes
860 1328 993 1413 quidem
1015 1328 1096 1393 mihi
1109 1344 1193 1414 'pos-
1212 1388 1215 1391 ,

230 1455 327 1496 surae
351 1455 423 1496 esse
445 1431 633 1496 videantur.

197 1554 220 1592 ιο
331 1534 493 1615 Quartum
510 1554 614 1616 genus
632 1528 781 1597 est'sane
796 1535 926 1596 varium
950 1544 983 1597 et
997 1536 1138 1599 mixtum
1162 1545 1195 1599 et
1204 1550 1268 1605 lou

229 1635 469 1711 turbulentum;
493 1638 547 1720 qui
570 1638 638 1700 iam
660 1635 790 1719 pridem
806 1645 1010 1719 premuntur,
1034 1639 1090 1720 qui
1112 1659 1194 1701 nun·

229 1760 327 1822 quam
350 1749 539 1821 emergunt,
569 1740 625 1822 qui
646 1740 770 1822 partim
793 1740 931 1819 inertia,
960 1739 1084 1823 partim
1106 1740 1195 1804 male

229 1841 374 1922 gerendo
397 1842 543 1922 negotio,
566 1841 688 1924 partim
704 1842 807 1903 etiam
824 1839 1008 1924 sumptibus
1032 1842 1066 1905 in
1081 1850 1195 1905 vetere

230 1966 306 2007 aere
322 1943 432 2007 alieno
448 1942 622 2021 vacillant,
646 1944 702 2027 qui
717 1942 930 2024 vadimoniis,
953 1942 1098 2025 iudioiis,
1120 1965 1193 2028 pro-

198 2046 408 2130 usoriptione
432 2044 589 2109 bonorum
605 2044 791 2127 defatigati,
814 2045 969 2129 permulti
993 2055 1091 2111 etex
1112 2047 1195 2112 urbe

229 2158 317 2213 etex
328 2150 420 2232 agris
437 2171 472 2212 se
489 2150 523 2212 in
537 2147 597 2213 illa
610 2159 724 2214 cestra
738 2149 889 2213 conferre
902 2149 1068 2214 dicuntur.
1084 2149 1194 2215 Hosoe

229 2271 290 2334 ego
312 2272 379 2315 non
401 2261 471 2315 tam
485 2250 609 2314 milites
632 2270 729 2314 aeres
746 2272 844 2335 quam
867 2251 1066 2316 infitiatores
1084 2252 1194 2317 lentos

228 2377 301 2419 esse
317 2353 471 2417 arbitror.
502 2352 567 2433 Qui
589 2351 739 2416 homines
757 2374 855 2436 quam
877 2354 1028 2436 primum,
1051 2357 1079 2418 si
1103 2365 1193 2420 stare

229 2478 295 2520 non
310 2467 459 2540 possunt,
476 2465 645 2536 corruant,
662 2454 723 2518 sed
737 2456 796 2536 ita,
817 2465 935 2518 utnon
949 2456 1046 2520 modo
1062 2458 1194 2537 civitas,

197 2558 290 2623 used
312 2580 353 2621 ne
369 2559 471 2622 vicini
489 2557 622 2642 quidem
644 2559 786 2641 proximi
811 2559 968 2621 sentiant.
1002 2558 1088 2623 Nam
1111 2559 1194 2624 illud

228 2682 295 2724 non
317 2659 488 2742 intellego,
512 2659 763 2744 quamobrem,
788 2662 816 2723 si
832 2662 945 2725 vivere
968 2660 1106 2726 honeste
1128 2675 1194 2727 non

228 2773 376 2848 possunt,
392 2764 500 2848 perire
515 2764 658 2846 turpiter
668 2761 784 2843 velint,
801 2772 859 2826 aut
871 2784 931 2828 our
941 2765 1068 2828 minore
1081 2763 1195 2830 dolore

229 2867 392 2948 perituros
416 2888 451 2928 se
474 2885 548 2927 oum
563 2863 688 2944 multis,
712 2885 810 2948 quam
835 2866 863 2928 si
886 2865 949 2928 soli
970 2877 1120 2949 pereant,
1143 2889 1193 2932 ar·

229 2967 404 3031 bitrentur.
758 2980 762 2988 '

196 3093 220 3131 rs
326 3068 484 3148 Quintum
493 3089 595 3150 genus
604 3068 914 3152 estporrioidarum‚
926 3071 1131 3152 sicariorum,
1140 3070 1228 3134 <le-22

230 3174 329 3256 nique
348 3173 493 3233 omnium
511 3171 790 3252 facinorosorum,
813 3193 894 3255 quos
919 3191 980 3253 ego
1004 3194 1024 3235 a
1048 3170 1195 3237 Catilina

229 3296 296 3338 non
318 3293 454 3352 revo003
489 3293 566 3335 nam
588 3293 695 3356 neque
727 3272 769 3337 ab
799 3294 836 3336 eo
862 3271 977 3336 divelli
999 3285 1140 3357 possunt
1163 3286 1196 3339 et

229 3385 368 3461 pereant
391 3395 471 3437 sane
494 3375 528 3436 in
551 3372 739 3457 latrocinio,
763 3377 918 3459 quoniam
935 3385 1011 3438 sunt
1026 3378 1075 3440 ita
1090 3377 1196 3460 multi,

114 3554 118 3562 ι
229 3487 272 3541 ut¹
290 3500 345 3542 eos
369 3497 484 3539 carcer
506 3497 626 3560 rapere
649 3498 716 3540 non
739 3478 855 3561 possit.

108 3637 125 3644 .,
199 3603 223 3642 so
330 3580 537 3644 Postremum
567 3588 679 3643 sutem
708 3600 812 3663 genus
842 3590 892 3644 est
920 3603 986 3645 non
1010 3580 1115 3646 solum
1137 3603 1195 3646 nu·

231 3704 337 3758 mero,
366 3703 480 3746 verum
504 3681 605 3746 etiam
628 3701 750 3764 genere
772 3683 843 3765 ipso
867 3692 968 3766 atque
990 3685 1078 3765 vite,
1107 3683 1192 3765 quod
