2817 4425
315 343 353 408 18
451 342 488 391 nu
507 342 537 390 n.
557 340 755 391 cammunti
772 340 794 388 1.
831 339 907 395 cnr.
927 343 966 400 13,
985 340 1009 404 §-
1028 341 1136 389 sc-aa

313 531 519 616 profectione
526 531 636 594 omnia
644 528 828 612 patefacta,
838 526 1019 610 illustrata,
1028 549 1196 612 oppressa,
1209 532 1281 594 vin·

314 633 430 697 dicata
454 652 528 696 esse
549 630 707 694 videatis.

279 771 305 811 ,³
414 735 517 798 Hisce
537 731 703 812 ominibus,
726 730 885 812 Catilina,
909 755 984 796 cum
1007 756 1133 797 summa
1154 736 1203 798 rei
1223 756 1282 819 pu·

312 837 422 901 blicae
452 834 575 917 saluto,
602 855 677 898 cum
700 845 759 897 tua
787 844 882 917 poste
907 855 945 898 ac
967 838 1116 919 pernicie
1145 857 1284 920 cumque

314 960 424 1003 eorum
448 939 566 1017 exitio,
602 937 658 1020 qui
686 958 722 999 se
745 945 857 1000 tecum
879 938 967 1000 omni
990 937 1117 1002 scelere
1144 939 1305 1022 patrici-s

314 1040 433 1125 dicque
449 1040 639 1118 iunxerunt,
663 1037 876 1122 proficiscere
892 1038 937 1102 ad
952 1040 1088 1125 impium
1103 1038 1228 1104 bellum
1243 1062 1283 1102 ao

314 1143 486 1207 nefarium.
522 1139 581 1221 Tu,
594 1139 754 1224 Iuppiter,
772 1142 828 1224 qui
843 1139 950 1204 isdem
963 1141 1082 1226 quibus
1105 1143 1188 1206 haec
1204 1142 1285 1206 urbs

315 1242 473 1330 auspiciis
497 1266 517 1306 a
538 1241 677 1307 Romulo
702 1265 736 1306 es
760 1243 974 1323 constitutus,
998 1265 1094 1326 quem
1117 1243 1283 1308 Statorem

282 1421 284 1425 ¹
314 1348 412 1411 huius
427 1345 520 1410 urbis
537 1353 638 1426 atquc
662 1345 791 1428 imperii
806 1365 884 1408 vere
899 1345 1117 1424 nominamus,
1142 1346 1228 1410 hunc
1252 1358 1285 1410 et

315 1451 411 1513 huius
428 1448 535 1512 socios
552 1467 573 1510 a
587 1447 653 1509 tuis
671 1447 858 1530 ceterisque
872 1445 1014 1530 templis,
1038 1469 1059 1510 a
1076 1449 1176 1511 tectis
1192 1448 1284 1512 urbis
1295 1474 1317 1511 ιο

316 1572 355 1614 ac
370 1548 554 1630 moenibus,
577 1570 597 1611 a
615 1549 686 1612 vita
702 1547 910 1631 fortunisque
925 1549 1048 1611 civium
1072 1551 1216 1612 omnium
1232 1572 1284 1614 ar·

316 1652 417 1733 cebis,
433 1661 466 1715 et
481 1650 630 1714 homines
650 1649 812 1713 bonorum
826 1649 989 1730 inimicos,
1013 1648 1126 1714 hostes
1141 1652 1284 1735 patriae,

319 1755 464 1818 latrones
477 1750 609 1833 Italiae,
626 1751 788 1815 scelerum
798 1751 933 1817 foedere
953 1753 1041 1815 inter
1054 1774 1090 1815 se
1102 1774 1142 1816 ao
1154 1753 1284 1816 nefaria

319 1856 478 1919 societate
501 1853 708 1936 coniunctos,
731 1853 877 1916 aeternis
902 1853 1073 1938 suppliciis
1089 1855 1184 1918 vivos
1199 1876 1283 1919 mor·

320 1967 456 2040 tuosque
479 1952 671 2021 mactabis..
