2817 4425
211 372 252 436 62
519 374 558 424 ΙΝ
575 374 607 424 L.
624 373 822 426 CATILINAM
837 374 874 424 lu

211 563 370 627 hodierno
388 560 442 626 die
456 562 699 647 providendum
723 574 784 628 est.
817 563 928 647 Atque
939 562 1034 645 haec,
1054 584 1122 628 non
1144 576 1183 629 ut

211 687 281 745 vos,
304 667 361 750 qui
375 665 456 730 mihi
479 665 590 730 studio
605 687 712 750 paene
733 667 962 750 praecurritis,
986 667 1183 750 excitarem,

209 766 341 832 locutus
365 790 446 850 sum,
470 769 530 833 sed
544 779 580 833 ut
595 791 669 834 mea
686 790 764 849 vox,
780 791 865 854 quae
882 768 980 832 debet
997 790 1071 832 esse
1085 771 1122 832 in
1144 791 1184 834 re

209 869 346 955 publica
359 873 525 956 princeps,
549 871 659 934 officio
682 871 798 934 functa
813 870 985 934 consulari
998 871 1183 936 videretur.

136 979 203 1035 loa
294 971 402 1054 Nunc,
425 984 604 1058 antequam
627 972 671 1037 ad
694 974 895 1037 sententiam
917 972 1033 1055 redeo,
1058 972 1099 1036 de
1127 996 1204 1040 mes

209 1096 318 1159 pauca
334 1074 454 1139 dicam.
476 1074 560 1158 Ego,
577 1087 703 1160 quanta
719 1097 837 1140 manus
853 1086 905 1140 est
920 1077 1182 1159 coniuratorum,

210 1199 309 1262 quam
330 1177 454 1241 videtis
484 1198 556 1242 esse
577 1199 810 1262 permagnam,
838 1189 970 1242 tantam
997 1200 1049 1242 me
1071 1181 1182 1243 inimi·

209 1302 323 1344 corum
337 1279 583 1344 multitudinem
602 1283 790 1365 suscepisse
805 1279 919 1362 video,
942 1274 1091 1345 sedeam
1107 1305 1183 1346 esse

208 1381 321 1446 iudico
355 1392 483 1466 turpem
513 1393 546 1446 et
574 1383 738 1446 infirmam
766 1393 800 1446 et
827 1381 1005 1447 abiectam.
1050 1380 1181 1462 Quodsi

209 1482 390 1568 aliquando
406 1484 548 1549 alicuius
563 1485 673 1549 furore
686 1497 718 1548 et
732 1484 857 1548 scelere
872 1487 1045 1549 concitata
1059 1507 1180 1550 manus
1189 1512 1215 1551 ro

207 1590 276 1652 ista
298 1588 373 1672 plus
396 1585 539 1650 valuerit
562 1608 661 1671 quam
683 1597 797 1650 vestra
819 1608 860 1650 ac
882 1585 1108 1670 reipublicae
1131 1587 1181 1651 di·

208 1693 339 1774 gnitas,
368 1711 421 1754 me
448 1699 562 1754 tamen
589 1710 737 1753 meorum
758 1689 925 1753 factorum
947 1701 1047 1773 atque
1070 1692 1181 1754 consi·

207 1790 328 1857 liorum
341 1813 522 1876 nunquam,
530 1801 643 1875 patres
652 1789 1181 1877 conscripti,paenitebit.Etenim

208 1915 313 1974 mors,
342 1915 442 1978 quam
464 1892 515 1956 illi
538 1893 682 1956 fortasse
703 1893 917 1973 minitantur,
946 1892 1098 1956 omnibus
1127 1904 1181 1956 est

208 2008 346 2080 parata,
362 1997 454 2058 vitae
469 2005 600 2058 tantam
615 1993 758 2075 laudem,
775 2004 901 2078 quanta
912 2015 973 2057 vos
988 2015 1042 2058 me
1055 1997 1215 2062 vestrisne

211 2099 354 2162 decretis
376 2097 596 2178 honestastis,
618 2117 715 2160 nemo
738 2106 789 2158 est
813 2096 1004 2160 adsecutus.
1047 2093 1179 2161 (leteris

210 2204 297 2266 enim
319 2201 403 2265 bene
426 2209 538 2283 gesta,
567 2199 647 2263 mihi
670 2200 728 2263 uni
750 2208 950 2263 conservata
977 2221 1014 2264 re
1040 2197 1180 2284 publica

175 2304 471 2388 ”gratulationem
500 2303 708 2367 decrevistis.
754 2300 805 2366 Sit
827 2300 939 2386 Scipio
968 2302 1081 2366 clarus
1109 2300 1179 2382 ille,

209 2410 303 2471 cuius
332 2405 471 2470 consilio
500 2416 600 2489 atque
622 2406 747 2468 virtute
769 2403 942 2468 Hannibal
970 2406 1005 2467 in
1028 2404 1180 2469 Africam

209 2508 320 2573 redire
349 2518 450 2592 atque
473 2507 574 2572 Italia
599 2507 760 2572 decedere
782 2518 922 2571 coactus
946 2521 1013 2589 est,
1043 2518 1215 2574 ornetur»

210 2610 297 2674 alter
313 2612 437 2674 eximia
460 2609 560 2673 laude
577 2610 767 2690 Africanus,
792 2612 848 2693 qui
871 2610 955 2673 duas
978 2608 1078 2673 urbes
1100 2608 1178 2673 huic

209 2714 346 2796 imperio
369 2711 613 2792 infestissimas,
636 2708 875 2792 Carthaginem
889 2710 1179 2796 Numantiamque,

210 2814 349 2896 delevit,
376 2812 543 2878 habeatur
569 2814 623 2877 vir
650 2816 805 2896 egregius
833 2812 957 2877 Paulus
980 2812 1053 2895 ille,
1082 2815 1179 2880 cuius

208 2938 341 2981 currum
362 2938 423 2979 rex
437 2918 688 3000 potentissimus
705 2915 872 3000 quondam
895 2927 929 2979 et
950 2916 1179 2982 nobilissimus

207 3018 326 3083 Perses
354 3018 561 3101 honestavit3
584 3020 627 3082 sit
658 3029 796 3082 aeterna
825 3017 933 3101 gloria
955 3019 1094 3102 Marius,
1122 3021 1212 3105 quire

207 3119 260 3185 bis
283 3120 418 3185 Italiam
442 3119 616 3184 obsidione
640 3133 673 3184 et
694 3131 785 3184 metu
808 3123 980 3185 servitutis
1004 3121 1179 3205 liberavit3

208 3232 431 3306 anteponatur
454 3223 604 3287 omnibus
632 3222 825 3308 Pompeius,
854 3227 949 3289 cuius
979 3248 1033 3289 res
1062 3237 1180 3309 gestae

208 3336 309 3409 atque
323 3327 465 3389 virtutes
481 3325 588 3389 isdem
604 3324 723 3409 quibus
748 3325 828 3389 solis
851 3347 969 3391 cursus
985 3328 1179 3410 regionibus

208 3448 248 3490 ac
272 3428 422 3490 terminis
445 3430 675 3491 continentur:
699 3429 762 3491 erit
785 3429 934 3511 profecto
957 3432 1045 3493 inter
1062 3430 1179 3495 horum

207 3526 324 3592 laudes
349 3528 478 3613 aliquid
494 3528 559 3592 loci
574 3540 710 3593 nostrae
726 3530 865 3612 gloriae,
887 3533 954 3595 nisi
968 3533 1055 3596 forte
1070 3536 1213 3598 maiusao

208 3641 259 3693 est
274 3631 465 3714 patefacere
481 3629 579 3694 nobis
595 3633 797 3715 provincias,
815 3653 878 3716 quo
895 3635 986 3697 exire
1005 3637 1181 3718 possimus,
