2817 4425
247 406 267 469 8
480 385 482 388 ’
564 412 602 462 iu
619 412 651 463 n.
672 411 902 462 carumaus

247 619 299 661 me
321 606 412 662 metu
433 598 610 681 liberabis,
640 600 717 663 dum
739 601 837 665 modo
864 602 953 665 inter
979 622 1031 665 me
1056 610 1156 683 atqua
1177 607 1215 663 te

247 722 358 764 murus
382 701 526 764 intersit.
559 700 741 765 Nobiscum
756 705 886 767 versari
908 704 976 766 iam
1000 702 1123 767 diutius
1146 722 1212 763 non

214 810 359 885 s1potes3
381 823 448 866 non
471 803 587 885 feram,
610 824 677 867 non
699 806 822 888 patiar,
844 825 911 868 non
935 806 1051 868 sinam.
1088 801 1214 883 Magna

248 902 299 967 dis
323 904 567 969 immortalibus
589 905 748 970 habenda
772 915 822 969 est
845 915 946 990 atque
961 905 1039 970 huic
1062 905 1128 988 ipsi
1141 904 1215 967 Iovi

248 1003 390 1087 Statori,
420 1008 654 1091 antiquissimo
677 1007 811 1072 custodi
832 1008 930 1073 huius
953 1007 1063 1088 urbis,
1091 1006 1238 1089 gratias

248 1108 336 1191 quod
349 1106 436 1172 hanc
459 1119 529 1173 tam
544 1118 699 1192 taetram,
723 1120 793 1174 tam
808 1109 1001 1175 horribilem
1015 1120 1149 1193 tamque
1164 1109 1213 1170 in·

247 1210 368 1274 festam
390 1212 438 1275 rei
461 1210 617 1294 publicae
640 1221 770 1296 pestem
791 1214 916 1276 totiens
939 1213 1008 1276 iam
1031 1210 1214 1292 effugimus.

246 1311 320 1376 Non
344 1321 394 1376 est
418 1315 551 1397 saepius
574 1315 609 1377 in
631 1335 697 1377 uno
720 1314 852 1377 homine
875 1336 1001 1378 summa
1017 1312 1108 1376 salus
1130 1312 1214 1395 peri·

247 1414 397 1479 elitanda
417 1417 466 1478 rei
488 1414 653 1499 publicae.
704 1412 874 1493 Quamdiu
905 1417 986 1480 mihi
1005 1413 1137 1481 consuli
1160 1413 1214 1476 de·

248 1520 397 1600 signat0,
428 1514 593 1599 Catilina,
629 1517 809 1581 insidiatus
838 1540 891 1599 es,
918 1538 985 1581 non
1006 1515 1140 1601 publico
1163 1537 1251 1577 meio

248 1618 426 1703 praesidio,
451 1619 510 1683 sed
531 1622 665 1704 privata
683 1620 860 1703 diligentia
877 1620 1020 1685 defendi.
1043 1618 1126 1683 Cum
1140 1640 1214 1702 pro-

248 1724 347 1787 ximis
370 1724 513 1786 comitiis
530 1722 764 1786 consularibus
779 1745 832 1786 me
846 1722 1017 1787 consulem
1039 1723 1074 1784 in
1097 1741 1214 1803 campo

249 1833 281 1889 et
304 1826 538 1908 competitores
561 1834 636 1887 tuos
660 1824 849 1888 interficere
863 1823 1012 1904 voluisti,
1035 1824 1214 1905 compressi

248 1937 388 1991 conatus
404 1934 480 1990 tuos
496 1926 642 1990 nefarios
659 1928 842 1991 amicorum
863 1926 1033 2010 praesidio
1050 1937 1084 1989 et
1098 1925 1215 2007 copiis,
1294 1996 1298 2003 Ι

250 2027 338 2092 nullo
359 2026 504 2091 tumultu
518 2028 653 2112 publice
676 2030 862 2109 concitat03
886 2028 1039 2113 denique,
1054 2029 1212 2113 quotiens·
1225 2050 1251 2089 rs

248 2152 387 2216 cumque
409 2152 461 2193 me
483 2131 608 2214 petisti,
630 2151 690 2215 per
712 2152 765 2194 me
787 2131 851 2195 tibi
867 2131 994 2214 obstiti,
1016 2151 1217 2216 quamquam

249 2233 414 2316 videbam,
442 2234 623 2318 perniciem
645 2255 754 2298 meam
777 2255 853 2299 oum
874 2255 998 2318 magna
1020 2234 1216 2297 calamitate

214 2324 466 2420 ”reipublicae
482 2358 555 2400 esse
571 2338 794 2401 coniunctam.
822 2337 919 2401 Nunc
935 2339 1001 2401 iam
1016 2344 1130 2418 aperte
1146 2356 1216 2397 rem

248 2438 417 2524 publicam
440 2441 632 2502 universam
653 2442 757 2523 petis3
779 2439 903 2523 templa
927 2438 1063 2502 deorum
1085 2438 1215 2500 immor-

248 2539 376 2622 talium,
400 2552 490 2604 tecta
512 2541 616 2622 urbis,
640 2543 745 2606 vitam
766 2544 911 2606 omnium
926 2542 1059 2622 civium,
1081 2540 1251 2604 Italiamao

249 2651 355 2708 totam
378 2643 423 2707 ad
446 2645 585 2707 exitium
608 2653 642 2707 et
656 2647 854 2708 vastitatem
872 2666 985 2708 vocas.
1010 2644 1122 2723 Quare
1138 2665 1216 2726 quo·

249 2748 339 2810 niam
362 2746 413 2827 id,
442 2745 532 2831 quod
554 2755 605 2810 est
628 2749 770 2830 primum
798 2755 832 2811 et
855 2745 943 2830 quod
965 2744 1063 2808 huius
1086 2745 1215 2827 imperii

251 2847 681 2933 disciplinaequemaiorum
692 2851 861 2934 proprium
873 2857 933 2930 est,
945 2848 1056 2912 facere
1068 2846 1215 2910 nondum

249 2951 366 3030 audeo,
390 2952 514 3014 faciam
537 2950 581 3032 id,
606 2950 695 3034 quod
719 2962 770 3015 est
793 2951 837 3014 ad
860 2950 1075 3014 severitatem
1096 2947 1215 3028 leniuS,

249 3053 295 3117 ad
316 3075 521 3116 communem
544 3052 686 3116 salutem
701 3053 828 3117 utilius.
856 3053 941 3116 Nam
964 3053 993 3117 si
1015 3062 1049 3116 te
1072 3050 1250 3115 interfici&

249 3160 387 3237 iussero,
403 3155 563 3220 residebit
576 3158 610 3219 in
622 3155 806 3240 republica
827 3155 956 3240 reliqua
968 3156 1216 3219 coniuratorum

249 3279 383 3339 manus,
412 3259 463 3320 sin
486 3266 533 3338 tu,
544 3255 629 3341 quod
644 3266 678 3321 te
700 3258 769 3321 iam
793 3256 916 3320 dudum
938 3255 1062 3338 hortor,
1082 3256 1214 3336 exieris,

250 3359 465 3423 exhaurietur
480 3382 523 3424 ex
540 3359 622 3423 urbe
637 3361 768 3422 tuorum
786 3362 943 3443 comitum
959 3379 1082 3441 magna
1099 3369 1131 3420 et
1142 3379 1215 3442 per·

215 3477 239 3516 1³
250 3463 378 3526 niciosa
403 3462 532 3524 sentina
555 3463 604 3525 rei
626 3460 790 3544 publicae.
837 3449 1015 3540 Quidoest,
1044 3458 1216 3523 Catilina?

250 3586 328 3626 num
345 3563 476 3626 dubitas
494 3562 529 3626 id
544 3585 596 3626 me
612 3563 798 3645 imperante
814 3563 936 3642 facere,
961 3561 1049 3644 quod
1070 3563 1138 3625 iam
1156 3571 1216 3625 tua
1225 3589 1250 3627 ao

251 3680 366 3750 sponte
378 3665 549 3729 faciebas?
571 3665 675 3729 Exire
690 3688 732 3730 ex
743 3657 824 3730 urbs
838 3665 929 3729 iubet
943 3663 1061 3729 consul
1072 3656 1212 3728 bostem.
