2817 4425
245 441 287 502 26
553 439 591 489 ns
613 439 645 489 n.
665 439 863 490 casianum
881 441 906 488 11

245 651 285 693 ac
300 631 496 714 perterritus
512 651 585 693 mea
603 627 789 711 diligentia,
812 649 879 692 non
896 628 936 691 de
953 651 1010 712 spe
1026 637 1214 713 conatuque

246 732 419 816 depulsus,
454 730 513 795 sed
541 730 771 811 indemnatus,
804 731 964 794 innocens
994 732 1027 793 in
1059 729 1214 794 exsilium

246 836 370 898 eiectus
394 855 415 896 a
431 830 566 895 consule
581 818 622 895 vri*
633 840 666 894 et
682 832 781 894 minis
798 852 871 894 esse
888 830 1034 912 dicetur3
1058 841 1091 896 et
1107 842 1213 910 erunt,

193 993 197 998 .
246 937 301 1020 qui
324 934 432 1016 illum,
456 936 484 997 si
512 933 574 997 hoo
601 932 735 1012 fecerit,
765 953 832 996 non
854 933 1050 1016 improbum,
1074 932 1134 997 sed
1155 935 1213 996 mi-

247 1054 365 1116 serum,
386 1057 523 1100 menon
545 1033 838 1117 diligentissimum
856 1035 1036 1116 consulem,
1066 1034 1125 1099 sed
1142 1054 1236 1099 cru-⁵

213 1136 1214 1222 isdelissimumtyrannumexistimarivelint.Estmihitanti,

247 1242 405 1322 Quirites,
428 1239 525 1302 huius
549 1238 698 1302 invidiae
721 1238 829 1302 falsae
853 1247 953 1321 atque
976 1240 1111 1322 iniquae
1134 1251 1213 1304 tem·

246 1351 409 1427 pestatem
422 1340 543 1421 subire,
569 1339 646 1403 dum
668 1339 766 1404 modo
784 1362 804 1404 a
820 1339 916 1404 vobis
932 1339 1028 1403 huius
1045 1340 1213 1406 horribilis

246 1443 325 1509 belli
349 1465 390 1508 ac
412 1442 534 1506 nefarii
555 1441 738 1528 periculum
755 1441 951 1527 depellatur.
973 1441 1119 1507 Dicatur
1134 1466 1215 1509 sane

247 1548 371 1610 eiectus
396 1567 468 1609 esse
492 1567 513 1608 a
535 1566 597 1626 me,
615 1544 692 1609 dum
707 1544 805 1608 modo
823 1554 878 1609 eat
893 1546 927 1608 in
944 1543 1108 1608 exsilium.
1138 1544 1215 1627 Sed,
1225 1563 1248 1600 1⁰

246 1649 325 1713 mihi
348 1648 484 1728 credite,
507 1668 574 1711 non
598 1656 649 1711 est
672 1649 791 1711 iturus.
825 1647 1001 1730 Nunquam
1017 1667 1078 1729 ego
1102 1647 1146 1711 ab
1163 1648 1214 1710 dis

246 1750 488 1815 immortalibus
506 1749 640 1834 optabo,
657 1749 816 1829 Quirites,
832 1749 980 1814 invidiae
992 1772 1086 1813 meae
1101 1749 1214 1814 levan-

248 1852 310 1916 dae
332 1874 447 1933 causa,
470 1861 507 1915 ut
529 1852 569 1914 L.
594 1849 777 1916 Catilinam
801 1852 923 1916 ducere
947 1854 1130 1916 exercitum
1158 1853 1213 1916 ho-

247 1957 347 2018 stium
369 1963 470 2037 atque
493 1955 528 2016 in
551 1955 653 2016 armis
670 1953 813 2016 volitare
838 1954 997 2036 audiatis,
1021 1954 1081 2019 sed
1103 1955 1213 2019 triduo

246 2067 359 2120 tamen
371 2055 531 2136 audietis3
546 2055 716 2138 multoque
728 2058 836 2137 magis
850 2057 933 2120 illud
945 2061 1056 2137 timeo,
1069 2079 1111 2122 ne
1133 2057 1214 2121 mihi
1225 2088 1249 2125 rs

248 2161 291 2224 sit
304 2158 505 2224 invidiosum
517 2156 709 2242 aliquando,
723 2157 811 2242 quod
823 2157 915 2221 illum
929 2161 1093 2223 emiserim
1105 2162 1214 2245 potius

247 2284 346 2347 quam
373 2261 462 2347 quod
490 2263 653 2326 eiecerim.
699 2259 765 2325 Sed
787 2284 862 2325 cum
885 2263 951 2324 sint
974 2262 1138 2343 homines,
1161 2266 1216 2346 qui

248 2364 350 2445 illum,
366 2387 441 2429 cum
456 2365 625 2449 profectus
643 2365 697 2446 sit,
717 2365 859 2427 eiectum
875 2386 948 2428 esse
966 2363 1090 2444 dicant,
1115 2365 1211 2443 idem,

215 2468 276 2529 usi
300 2467 495 2530 interfectus
512 2477 610 2547 esset,
633 2466 713 2550 quid
730 2465 901 2531 dicerent?
925 2465 1132 2549 Quamquam
1148 2467 1215 2545 isti,

248 2569 304 2651 qui
320 2567 503 2631 Catilinam
518 2567 704 2631 Massiliam
727 2570 776 2632 ire
792 2568 962 2649 dictitant,
985 2591 1051 2632 non
1067 2580 1137 2633 tam
1153 2570 1249 2635 hocro

249 2678 429 2753 queruntur
453 2690 552 2753 quam
574 2680 741 2733 verentur.
784 2670 887 2735 Nemo
912 2681 962 2735 est
985 2672 1123 2734 istorum
1146 2683 1214 2734 tam
1250 2706 1253 2709 ⁴

248 2772 447 2853 misericors,
464 2774 520 2858 qui
538 2771 632 2836 illum
645 2794 712 2836 non
724 2770 771 2837 ad
781 2772 944 2837 Manlium
957 2795 1055 2858 quam
1072 2775 1116 2837 ad
1128 2774 1219 2838 Mas-⁴

249 2873 400 2937 silienses
424 2876 472 2939 ire
493 2873 599 2939 malit.
644 2874 705 2939 Ille
729 2885 850 2954 autem,
883 2877 910 2938 si
934 2874 1121 2939 mehercule
1144 2877 1216 2957 hoc,

250 2977 337 3061 quod
349 2979 432 3059 agit,
447 2998 616 3061 nunquam
639 2986 739 3039 antea
763 2978 957 3059 cogitasset,
981 2988 1093 3041 tamen
1115 2979 1215 3043 latro·

250 3081 418 3143 cinantem
441 3102 476 3143 se
499 3079 641 3143 interfici
664 3078 780 3142 mallet
803 3100 902 3163 quam
924 3080 1071 3145 exsulem
1094 3084 1250 3147 viverere

250 3181 345 3247 Nunc
368 3203 456 3261 vero,
487 3202 562 3245 oum
585 3182 615 3243 ei
638 3180 722 3243 nihil
746 3181 854 3245 adhuc
877 3192 1011 3265 praeter
1034 3185 1137 3267 ipsius
1161 3206 1215 3245 vo-

250 3282 413 3347 luntatem
429 3285 733 3367 cogitationemque
749 3284 921 3362 acciderit,
945 3286 1010 3347 nisi
1027 3286 1114 3368 quod
1129 3286 1215 3347 vivis

250 3385 346 3449 nobis
362 3385 467 3449 Roma
482 3386 649 3469 profectus
667 3395 729 3467 est,
754 3396 902 3468 optemus
918 3388 1039 3470 potius,
1063 3397 1098 3449 ut
1112 3397 1166 3450 eat
1182 3389 1216 3449 in

252 3487 416 3567 exsilium,
441 3509 538 3571 quam
562 3509 747 3571 queramur.

192 3584 241 3638 ⁸¹⁷
354 3587 420 3653 Sed
442 3610 502 3653 cur
524 3599 593 3652 tam
610 3589 667 3651 diu
684 3589 724 3652 de
741 3611 805 3653 uno
822 3590 918 3653 hoste
942 3591 1105 3673 loquimur
1128 3600 1161 3654 et
1177 3591 1251 3654 deso

252 3712 290 3754 eo
307 3690 411 3771 hoste,
435 3692 488 3774 qui
513 3692 579 3754 iam
601 3690 726 3754 fatetur
748 3712 784 3755 se
807 3713 879 3755 esse
903 3692 1040 3773 hostem,
1064 3702 1097 3755 et
1113 3713 1216 3775 quem.
