2817 4425
475 516 477 521 Α
556 436 631 487 car.
651 436 859 500 1-3,§.1-6.
1151 435 1188 495 21

226 646 292 696 rem
314 625 377 689 huc
402 624 542 706 deduxi,
570 635 607 688 ut
635 635 705 689 tum
733 624 845 709 palam
866 645 1016 707 pugnare
1038 624 1191 707 possetis,

224 749 298 791 cum
313 728 441 790 hostem
457 739 571 812 aperte
586 727 757 791 videretis.
782 727 885 807 Quem
903 725 1035 810 quidem
1051 745 1113 807 ego
1137 725 1192 787 ho·

225 839 318 911 stem,
343 828 502 910 Quirites,
526 851 624 913 quam
646 830 860 893 vehementer
875 829 956 891 foris
981 850 1053 891 esse
1076 829 1190 890 timen-

226 932 302 995 dum
315 944 438 1016 putem,
455 930 533 994 licet
549 931 626 995 hinc
643 932 863 1013 intellegatis,
887 930 976 1015 quod
992 932 1094 993 etiam
1108 925 1193 993 illud

203 1034 362 1097 moleste
377 1033 457 1113 fero,
474 1033 563 1117 quod
579 1057 620 1097 ex
637 1033 718 1097 urbe
734 1056 851 1117 parum
867 1035 1045 1096 comitatus
1062 1034 1191 1095 exierit.

223 1135 361 1198 Utinam
391 1134 448 1198 ille
478 1157 590 1199 omnes
622 1158 734 1199 secum
764 1157 841 1198 suas
865 1137 979 1217 copias
1004 1134 1192 1197 eduxisset!

224 1236 414 1318 Tongilium
436 1237 517 1300 mihi
541 1238 673 1319 eduxit,
703 1260 799 1321 quem
823 1258 936 1299 amare
960 1238 993 1298 in
1015 1246 1193 1320 praetexta

224 1349 388 1421 coeperat,
412 1339 599 1403 Publicium
620 1349 652 1403 et
666 1339 861 1419 Minucium,
885 1360 1023 1421 quorum
1039 1361 1096 1402 aes
1113 1338 1191 1403 alie-

225 1452 515 1505 numcontractum
529 1445 562 1504 in
571 1444 694 1525 popina
708 1441 835 1504 nullum
845 1440 1056 1524 reipublicae
1069 1450 1192 1504 motum

190 1566 214 1603 ιο
226 1542 354 1605 adferre
381 1553 529 1628 poterat3
558 1544 693 1627 reliquit
719 1565 800 1627 quos
823 1545 929 1606 viros!
966 1553 1090 1626 quanto
1115 1565 1192 1606 aere

223 1643 347 1707 alieno!
371 1667 469 1729 quam
492 1646 661 1709 valentes!
685 1668 784 1729 quam
807 1645 951 1708 nobiles!
988 1647 1107 1729 Itaque
1130 1654 1237 1727 egots

224 1745 314 1810 illum
339 1751 522 1812 exercitum
545 1770 625 1832 prae
650 1746 837 1812 Gallicanis
861 1748 1049 1829 legionibus
1073 1758 1105 1811 et
1129 1750 1190 1811 hoc

224 1847 357 1928 dilectu
383 1873 478 1932 quem
494 1853 527 1911 in
545 1872 626 1931 agro
643 1852 766 1916 Piceno
784 1860 817 1913 et
833 1848 966 1913 Gallico
983 1850 1022 1929 Q.
1035 1851 1190 1914 Metellus

222 1950 349 2032 habuit,
373 1963 405 2014 et
429 1954 479 2015 his
504 1955 619 2035 copiis,
643 1975 728 2036 quae
752 1977 771 2015 a
795 1953 890 2016 nobis
914 1953 1037 2017 cotidie
1060 1976 1190 2038 compa·

190 2074 214 2114 rs
222 2062 348 2132 rantur,
360 2075 481 2135 magno
496 2077 592 2138 opere
605 2064 792 2135 contemno,
810 2054 988 2118 collectum
1001 2078 1043 2119 ex
1055 2056 1190 2119 senibus

223 2153 418 2239 desperatis,
442 2179 484 2220 ex
500 2160 626 2239 agresti
648 2157 792 2239 luxuria,
815 2180 858 2221 ex
880 2159 1015 2222 rusticis
1038 2158 1190 2223 decocto·

221 2257 323 2339 ribus,
354 2261 470 2340 exiis,
500 2263 555 2343 qui
578 2261 774 2347 vadimonia
799 2260 953 2323 deserere
977 2282 1075 2343 quam
1098 2261 1189 2326 illum

221 2362 403 2423 exercitum
416 2360 622 2441 maluerunt,
639 2346 759 2445 quibus
772 2383 834 2443 ogo
847 2383 913 2424 non
925 2362 1022 2425 modo
1040 2365 1068 2426 si
1085 2366 1190 2428 aciem

222 2464 388 2526 exercitus
404 2465 521 2543 nostri,
544 2485 658 2526 verum
683 2466 784 2526 etiam
808 2466 836 2525 si
859 2463 1005 2526 edictum
1026 2468 1191 2548 praetoris

187 2564 408 2643 noscendam,
433 2564 622 2628 concident.
657 2566 738 2646 Hos,
763 2588 846 2649 quos
870 2565 968 2629 video
992 2567 1133 2632 volitare
1156 2570 1190 2632 in

220 2668 301 2748 foro,
325 2689 406 2750 quos
424 2678 514 2731 stare
530 2667 575 2730 ad
590 2670 727 2748 curiam,
752 2690 833 2752 quos
858 2670 959 2732 etiam
981 2670 1016 2731 in
1040 2680 1189 2734 senatum

222 2773 342 2851 venire,
372 2770 428 2853 qui
451 2771 558 2832 nitent
582 2773 773 2853 unguentis,
803 2773 859 2854 qui
882 2771 1012 2852 fulgent
1035 2794 1190 2856 purpura,

220 2872 353 2936 mallem
370 2892 481 2934 secum
497 2871 685 2953 eduxisset3
709 2875 765 2956 qui
783 2875 810 2935 si
828 2873 880 2936 hic
897 2883 1102 2956 permanent,
1126 2898 1189 2938 me-

220 2982 377 3056 mentote,
399 2997 466 3038 non
489 2984 560 3038 tam
577 2979 762 3039 exercitum
778 2975 871 3038 illum
888 2998 962 3038 esse
977 2975 1075 3039 nobis
1092 2998 1190 3059 quam

187 3076 297 3156 alios,
332 3078 387 3158 qui
422 3078 605 3141 exercitum
637 3078 869 3156 deseruerunt,
898 3078 1190 3160 pertimescendos.

220 3180 331 3264 Atque
353 3178 415 3241 hoc
440 3182 541 3244 etiam
564 3190 639 3243 sunt
664 3180 804 3243 timendi
827 3181 955 3260 magis,
979 3180 1083 3262 quod,
1112 3181 1191 3263 quid

220 3282 386 3364 cogitent,
415 3303 466 3344 me
491 3281 576 3344 scire
600 3283 763 3360 sentiunt,
795 3303 902 3364 neque
924 3290 1034 3344 tamen
1065 3304 1190 3365 permo-

220 3393 353 3447 ventur·
378 3381 497 3462 Video,
514 3384 567 3445 cui
585 3384 627 3445 sit
644 3382 768 3467 Apulia
785 3383 959 3462 attributa,
978 3385 1051 3466 quis
1067 3383 1211 3448 habeatc

222 3485 401 3566 Etruriam,
418 3487 491 3569 quis
508 3505 625 3566 agrum
641 3485 810 3565 Picenum,
827 3486 900 3569 quis
915 3482 1093 3565 Gallicum,
1117 3489 1189 3569 quis

188 3608 212 3645 oo
223 3587 286 3652 sibi
308 3588 369 3651 has
391 3587 539 3651 urbanas
556 3587 697 3652 insidias
715 3587 829 3652 caedis
846 3597 945 3670 atque
961 3587 1190 3652 incendiorum

223 3689 467 3774 depoposcerit3
497 3691 608 3753 omnia
633 3691 812 3775 superioris
841 3674 1115 3754 noctisconsilia
1146 3690 1190 3753 ad
