2817 4425
246 416 268 476 4
530 415 570 465 m
586 416 619 466 1.
639 416 869 467 cummuni

247 606 348 684 venit,
370 605 408 668 fit
422 604 549 689 publici
562 605 694 670 consilii
706 609 887 692 particeps,
901 619 999 672 notat
1011 620 1045 673 et
1056 610 1218 693 designat

246 705 351 769 oculis
386 707 431 771 ad
463 708 601 773 caedem
627 731 731 773 unum
758 732 920 795 quemque
952 723 1120 776 nostrum:
1152 735 1218 778 nos

245 819 368 890 autem,
383 810 488 873 fortes
499 811 575 892 viri,
592 811 677 874 satis
694 811 808 875 facere
824 811 1040 899 reipublicae
1050 814 1217 897 videmur,

247 912 276 975 si
296 912 395 976 istius
417 912 563 976 furorem
585 933 626 975 ac
649 912 720 977 tela
743 916 897 978 vitemus.
930 914 987 978 Ad
1006 928 1147 980 mortem
1169 927 1217 999 te,

246 1012 404 1095 Catilina,
427 1013 506 1101 duci
520 1016 615 1079 iussu
629 1007 779 1079 consulis
794 1018 862 1079 iam
880 1016 1012 1101 pridem
1027 1018 1240 1103 oportebat,a

173 1185 181 1206 ⁷
245 1118 280 1179 in
302 1124 337 1178 te
352 1115 497 1181 conferri
511 1125 648 1200 pestem,
672 1138 773 1200 quam
794 1126 833 1179 tu
854 1119 890 1180 in
911 1139 973 1181 nos
994 1118 1215 1184 machinaris.

145 1200 189 1264 Δ*
201 1205 212 1235 ‘
224 1205 301 1300 eQu
319 1240 400 1282 vero
422 1220 475 1281 vir
497 1217 721 1302 amplissimus
736 1219 773 1281 P.
793 1217 916 1302 Scipio,
938 1221 1092 1304 pontifex
1106 1223 1213 1285 maxi-

246 1320 383 1402 mus,Ti.
391 1318 802 1384 Gracchummediocriter
813 1319 1078 1405 labefactantem
1088 1332 1214 1387 statum

245 1424 292 1486 rei
314 1421 471 1507 publicae
492 1423 645 1505 privatus
674 1423 860 1485 interfecit:
895 1420 1077 1487 Catilinam
1099 1423 1212 1487 orbem

244 1538 355 1588 terrae
369 1524 474 1588 caede
497 1534 598 1609 atque
613 1524 780 1587 incendiis
796 1534 934 1588 vastare
948 1528 1137 1611 cupientem
1150 1548 1213 1589 nos
1224 1547 1251 1586 n

243 1625 397 1689 consules
409 1626 636 1710 perferemus?
664 1626 750 1689 Nam
765 1626 826 1691 illa
841 1629 941 1691 nimis
957 1630 1096 1713 antiqua
1117 1651 1211 1714 prae·

243 1740 345 1811 tereo,
368 1728 458 1813 quod
480 1726 516 1792 C.
541 1727 703 1792 Servilius
727 1728 839 1793 Ahala
862 1728 918 1814 Sp.
933 1729 1093 1795 Maelium
1114 1734 1212 1795 novis

243 1830 342 1895 rebus
367 1830 556 1894 studentem
578 1852 680 1893 manu
703 1853 765 1894 sua
789 1830 924 1895 occidit.
953 1831 1044 1911 Fuit,
1066 1833 1130 1896 fuit
1144 1834 1212 1896 ista

243 1932 410 2017 quondam
439 1934 474 1995 in
496 1933 560 1995 hac
583 1931 778 2016 republica
801 1935 927 2015 virtus,
955 1942 992 1996 ut
1015 1936 1081 1997 viri
1108 1935 1212 1998 fortes

243 2034 427 2100 acrioribus
451 2034 622 2118 suppliciis
639 2036 747 2098 civem
764 2035 988 2117 perniciosum
1003 2058 1103 2120 quam
1119 2056 1249 2101 acer-1³

242 2137 415 2202 bissimum
426 2136 557 2201 hostem
569 2146 773 2199 coercerent.
796 2136 968 2200 Habemus
984 2148 1122 2201 senatus
1133 2160 1211 2202 con-

244 2240 366 2305 sultum
388 2244 423 2306 in
445 2250 494 2323 te,
523 2238 688 2321 Catilina,
721 2238 900 2302 vehemens
930 2250 964 2303 et
991 2259 1111 2322 grave3
1143 2261 1211 2304 non

244 2343 338 2407 deest
360 2345 407 2408 rei
423 2341 579 2428 publicae
593 2341 770 2405 consilium
784 2364 890 2425 neque
913 2343 1096 2405 auctoritas
1111 2339 1209 2405 huius

244 2445 387 2527 ordinis,
415 2466 487 2526 nos,
516 2465 588 2525 nos,
613 2443 687 2507 dico
711 2453 836 2527 aperte,
866 2443 1020 2507 consules
1044 2441 1210 2507 desumus.

183 2547 403 2611 thecrevit
426 2546 593 2630 quondam
616 2556 765 2628 senatus,
794 2557 831 2609 ut
853 2546 894 2610 L.
918 2545 1070 2631 Opimius
1093 2547 1247 2611 consulto

242 2650 387 2730 videret,
420 2671 463 2713 ne
492 2647 572 2734 quid
600 2671 654 2714 res
677 2649 815 2733 publica
838 2647 1030 2713 detrimenti
1058 2658 1210 2732 caperet:

243 2775 311 2818 nox
332 2751 426 2816 nulla
448 2752 650 2832 intercessit,
673 2751 870 2814 interfectus
894 2760 944 2814 est
958 2759 1095 2834 propter
1112 2771 1208 2834 quas·

245 2855 321 2920 dam
337 2853 538 2918 seditionum
559 2854 767 2936 suspiciones
783 2850 820 2916 C.
834 2849 1006 2916 Gracchus
1022 2851 1209 2915 clarissimo

243 2965 343 3038 patre,
356 2977 427 3037 avo,
440 2955 625 3038 maioribus,
640 2956 772 3018 occisus
789 2963 840 3017 est
856 2974 931 3017 cum
946 2951 1062 3016 liberis
1073 2952 1119 3016 M.
1130 2952 1209 3016 Ful·

185 3075 210 3113 v
243 3060 317 3122 vius
328 3057 524 3122 consularis.
548 3055 657 3121 Simili
674 3067 811 3120 senatus
827 3054 979 3119 consulto
995 3052 1033 3118 C.
1044 3054 1153 3119 Mario
1176 3065 1244 3118 etro

203 3210 217 3242 ..Ι
243 3159 426 3224 L.Valerio
442 3158 636 3224 consulibus
653 3170 703 3222 est
719 3159 883 3242 permissa
897 3179 950 3221 res
965 3156 1116 3241 publica:
1130 3177 1208 3220 num

206 3258 223 3327 ⁴³.
243 3285 344 3325 unum
368 3261 455 3325 diem
477 3271 594 3346 postea
616 3261 656 3325 L.
671 3260 888 3325 Saturninum
909 3258 1080 3323 tribunum
1100 3255 1206 3342 plebis

244 3375 276 3428 et
299 3363 336 3429 C.
360 3362 537 3428 Servilium
566 3373 755 3448 praetorem
781 3385 869 3427 mors
903 3384 944 3425 ac
976 3363 1025 3425 rei
1052 3358 1207 3445 publicae

243 3489 349 3551 poena
372 3463 637 3554 remorataestf·
669 3464 716 3528 At
739 3486 818 3528 vero
841 3485 901 3527 nos
924 3464 1117 3528 vicesimum
1139 3461 1206 3523 iam

244 3571 331 3633 diem
352 3569 497 3652 patimur
519 3554 698 3632 hebescere
715 3568 822 3630 aciem
844 3565 960 3628 horum
982 3563 1243 3626 auctoritatis.⁸⁰

244 3670 412 3735 Habemus
440 3672 529 3733 enim
557 3670 695 3734 huiusce
723 3669 812 3733 modi
840 3676 975 3731 senatus
1008 3664 1206 3747 consultum,
