2817 4425
263 420 302 485 12
579 419 618 469 IN
635 420 666 468 L.
686 418 885 470 CATILINAM
903 421 916 469 1

261 609 343 676 cum
364 632 384 673 a
407 631 458 673 me
473 630 602 693 quoque
625 608 661 672 id
682 630 878 693 responsum
893 609 1037 689 tulisses,
1060 631 1113 673 me
1134 608 1227 673 nullo

192 757 193 760 κ
260 710 357 776 modo
373 733 471 795 posse
494 711 601 775 isdem
623 711 809 796 parietibus
832 721 905 775 tuto
930 733 1002 775 esse
1026 724 1148 794 tecum,
1171 714 1226 796 qui

259 814 439 896 magnoin
468 811 614 897 periculo
643 834 760 892 essem,
794 812 883 897 quod
916 812 1021 876 isdem
1054 812 1226 877 moenibus

259 916 514 997 contineremur,
538 915 583 980 ad
595 915 635 996 Q.
651 914 824 979 Metellum
838 925 1026 998 praetorem
1041 916 1183 996 venisti3
1206 940 1226 979 a

259 1038 322 1103 quo
344 1019 537 1102 repudiatus
562 1017 605 1081 ad
629 1016 778 1081 sodalem
800 1028 903 1097 tuum,
926 1019 1034 1081 virum
1058 1018 1248 1101 optimum,s

258 1118 303 1184 M.
325 1118 496 1185 Metellum
519 1119 732 1202 demigrasti3
762 1140 859 1203 quem
885 1130 923 1182 tu
944 1118 1103 1183 videlieet
1127 1131 1159 1183 et
1181 1121 1227 1184 ad

258 1221 514 1286 custodiendum
538 1221 831 1304 diligentissimum
860 1232 893 1285 et
922 1222 966 1285 ad
990 1222 1226 1316 suspicandum
1279 1306 1283 1312 ¹

259 1326 513 1407 sagacissimum
536 1334 568 1388 et
592 1325 637 1388 ad
652 1324 892 1388 vindicandum
916 1325 1135 1388 fortissimum
1152 1297 1257 1420 lore}
1276 1308 1298 1350 '²

257 1427 395 1511 putasti.
420 1425 487 1491 Sed
502 1447 601 1511 quam
622 1426 722 1509 longe
738 1426 872 1490 videtur
888 1448 908 1488 a
924 1448 1060 1489 earcere
1083 1413 1226 1510 atque]

202 1551 205 1558 ¹
258 1526 402 1592 vinculis
432 1526 551 1591 abesse
582 1526 719 1608 debere,
749 1530 804 1612 qui
835 1550 870 1591 se
899 1530 970 1611 ipse
999 1530 1066 1591 iam
1089 1528 1261 1610 dignum10

224 1628 410 1700 „custodia
426 1628 609 1693 iudicarit?
632 1628 728 1707 Quae
742 1651 817 1693 cum
833 1631 881 1691 ita
898 1632 977 1709 sint,
992 1627 1151 1710 Catilina,
1168 1628 1224 1693 du·

258 1731 366 1813 bitas,
396 1733 425 1795 si
449 1732 551 1795 emori
574 1752 679 1813 aequo
705 1732 815 1794 animo
839 1752 906 1793 non
929 1740 1039 1813 potos,
1070 1728 1162 1793 abire
1191 1732 1225 1792 in

259 1832 389 1918 aliquas
404 1843 511 1898 terras
529 1841 561 1895 et
573 1834 679 1897 vitam
694 1834 795 1895 istam
809 1831 923 1895 multis
941 1831 1112 1916 suppliciis
1127 1832 1225 1894 iustis

260 1935 448 2020 debitisque
476 1943 625 2019 ereptam
653 1933 754 2015 fugae
777 1932 1014 2018 solitudinique
1042 1932 1226 1997 mandare?

355 2034 488 2117 ‘Refer',
511 2038 631 2119 inquis,
643 2033 703 2099 ‘ad
719 2036 898 2111 senatum';
922 2035 958 2099 id
973 2037 1061 2099 enim
1075 2034 1225 2119 postulas
1235 2066 1260 2105 η

259 2149 301 2223 et,
321 2142 351 2203 si
365 2140 419 2203 hic
436 2138 515 2202 ordo
534 2138 668 2222 placere
681 2138 878 2221 decreverit,
893 2146 928 2200 te
943 2139 992 2200 ire
1008 2138 1042 2200 in
1061 2137 1225 2217 exsilium,
1315 2130 1317 2133 ’

259 2244 561 2328 obtemperaturum
576 2252 610 2305 te
626 2264 698 2305 esse
712 2242 806 2305 diois.
829 2241 903 2304 Non
919 2241 1070 2323 referam,
1086 2239 1122 2302 id
1138 2239 1226 2323 quod

260 2345 415 2410 abhorret
431 2367 452 2410 a
467 2347 550 2408 meis
567 2343 726 2423 moribus,
743 2353 904 2408 ettamen
921 2343 1053 2424 faciam,
1075 2352 1112 2405 ut
1127 2340 1224 2405 intel·

261 2448 363 2529 legas,
376 2446 456 2531 quid
473 2446 562 2510 hide
580 2455 614 2509 te
632 2446 791 2509 sentiant.
814 2444 986 2527 Egredere
999 2467 1041 2508 ex
1053 2443 1145 2524 urbe,
1162 2441 1225 2507 Oa·

260 2547 365 2628 tilina,
378 2547 486 2612 libera
499 2571 569 2612 rem
580 2548 750 2631 publicam
761 2557 862 2629 metu,
875 2549 910 2610 in
923 2547 1089 2627 exsilium,
1103 2546 1225 2609 sihanc
1234 2575 1260 2613 ao

260 2671 372 2714 vocem
384 2659 570 2734 exspectas,
582 2651 805 2733 proficiscere.
819 2648 908 2728 Quid
916 2661 976 2728 est,
989 2647 1160 2712 Catilina?
1173 2670 1224 2711 ec·

258 2751 337 2836 quid
349 2751 508 2827 attendis,
523 2751 893 2836 ecquidanimadvertis
906 2751 1020 2814 horum
1033 2749 1225 2814 silentium?

256 2854 444 2934 Patiuntur,
465 2863 591 2918 tacent.
625 2853 716 2934 Quid
732 2863 909 2939 exspectas
925 2855 1163 2918 auctoritatem
1176 2850 1224 2915 lo·

258 2957 438 3040 quentium,
461 2978 599 3041 quorum
614 2956 822 3020 voluntatem
846 2957 1025 3020 tacitorum
1039 2953 1225 3039 perspicis?

207 3083 247 3124 ai
259 3059 304 3122 At
322 3061 352 3122 si
366 3058 429 3123 hoc
450 3059 537 3122 idem
554 3059 631 3123 huie
650 3058 859 3123 adulescenti
875 3059 998 3142 optimo
1010 3057 1046 3121 P.
1060 3055 1180 3138 Sestio,
1196 3058 1261 3122 sias

258 3159 438 3224 fortissimo
454 3163 526 3224 viro
543 3160 586 3222 M.
604 3159 764 3224 Marcello
782 3160 953 3240 dixissem,
974 3162 1041 3224 iam
1056 3157 1136 3223 mihi
1148 3179 1224 3221 con·

259 3260 323 3326 suli
345 3261 407 3326 hoe
430 3264 501 3346 ipso
525 3264 559 3325 in
581 3261 704 3346 templo
729 3264 799 3326 iure
818 3263 940 3345 optimo
957 3271 1093 3325 senatus
1109 3261 1176 3324 vim
1191 3267 1225 3322 et

259 3385 374 3427 manus
390 3364 570 3429 intulisset.
592 3364 645 3428 De
667 3374 701 3428 te
725 3374 846 3439 autem,
863 3361 1022 3445 Catilina,
1045 3383 1119 3426 eum
1134 3362 1224 3445 quie-

258 3465 1224 3550 scunt,probant;cumpatiuntur,decernunt30umtacent,

256 3567 420 3649 clamant,
448 3589 554 3652 neque
576 3568 611 3631 hi
635 3568 756 3647 solum,
786 3589 925 3651 quorum
953 3566 1015 3632 tibi
1038 3568 1261 3631 auotoritasso

258 3678 306 3733 est
313 3668 470 3734 videlieet
483 3693 572 3738 cara.
585 3670 836 3746 vitavilissima,
851 3669 1018 3734 sedetiam
1030 3667 1081 3733 illi
1094 3671 1224 3753 equites
