2817 4425
245 418 283 481 16
554 440 592 489 1u
610 441 642 491 L
661 440 858 491 ornrnruau
875 440 889 491 1

171 681 174 694 ,
240 630 290 685 est
310 622 452 686 invidiae
474 636 590 706 metus,
613 648 690 689 num
707 636 757 689 est
778 586 1003 733 vehementius
1024 633 1210 697 severitatis

147 754 166 828 ις
240 744 280 785 ac
308 724 506 788 fortitudinis
532 726 657 817 invidia
687 749 785 811 quam
813 703 1003 793 inertiae*
977 752 1016 793 ac
1044 734 1210 817 nequitiae

121 869 126 886 .
201 824 216 886 l
239 828 522 908 pertimescenda?
565 830 618 894 An
652 854 725 895 cum
759 831 845 897 bello
883 834 1066 899 vastabitur
1097 836 1206 908 Italia

239 928 444 993 vexabuntur
464 929 572 1012 urbes,
600 941 688 996 tecta
711 934 882 1013 ardebunt,
905 945 974 998 tum
996 947 1027 1001 te
1049 958 1115 1011 non
1137 943 1206 1003 exi-

239 1033 352 1092 stimas
375 1030 516 1095 invidiae
537 1034 687 1097 incendio
712 1036 1019 1118 conflagratum?
1181 1051 1184 1055 “
1233 1068 1247 1107 r

189 1138 221 1194 n
323 1133 384 1197 His
412 1154 472 1216 ego
507 1138 721 1199 sanctissimis
750 1139 796 1200 rei
824 1138 976 1221 publicae
1009 1140 1143 1205 vocibus
1173 1150 1207 1205 et

238 1254 349 1297 eorum
377 1236 552 1315 hominum,
582 1240 637 1320 qui
659 1238 723 1300 hoc
745 1238 832 1301 idem
862 1243 1014 1319 sentiunt,
1044 1241 1206 1305 mentibus

237 1356 345 1419 pauca
365 1336 580 1419 respondebo.
604 1338 686 1422 Ego,
710 1341 737 1402 si
752 1339 815 1402 hoc
838 1342 996 1422 optimum
1018 1343 1108 1406 factu
1123 1342 1205 1405 iudi·

237 1459 356 1515 carem,
385 1448 495 1522 patres
519 1442 704 1524 conscripti,
733 1438 908 1505 Catilinam
930 1452 1034 1505 morte
1063 1444 1204 1526 multari,

236 1542 331 1604 unius
353 1562 486 1605 usuram
501 1542 601 1605 horae
623 1542 799 1625 gladiatori
813 1544 867 1605 isti
882 1542 925 1605 ad
946 1544 1122 1607 vivendum
1137 1567 1206 1610 non
1220 1574 1246 1613 ro

237 1641 410 1707 dedissem.
440 1644 571 1708 Etenim
593 1646 620 1706 si
644 1646 760 1708 summi
782 1645 844 1707 viri
867 1653 899 1707 et
921 1642 1092 1707 clarissimi
1115 1648 1205 1710 cives

237 1740 405 1807 Saturnini
433 1754 466 1808 et
489 1743 713 1808 Gracchorum
742 1755 774 1808 et
796 1744 908 1808 Flacci
937 1754 971 1809 et
1000 1746 1205 1828 superiorum

236 1846 451 1928 complurium
485 1847 640 1929 sanguine
670 1868 735 1908 non
761 1847 859 1910 modo
888 1868 924 1911 se
950 1868 1015 1909 non
1048 1848 1205 1909 contami·

235 1957 363 2027 narunt,
387 1948 557 2011 sedetiam
577 1947 800 2029 honestarunt,
824 1957 912 2013 certe
933 1947 1110 2013 verendum
1124 1950 1204 2012 mihi

235 2071 302 2113 non
324 2059 404 2131 erat,
432 2070 472 2112 ne
496 2048 658 2132 quidhoc
687 2049 854 2131 parricida
886 2052 1006 2115 civium
1030 2052 1247 2141 interfectori

235 2150 378 2216 invidiae
415 2152 449 2215 in
485 2152 712 2236 posteritatem
748 2151 958 2215 redundaret.
1003 2150 1128 2231 Quodsi
1164 2141 1205 2218 ea

235 2254 314 2318 mihi
346 2256 489 2318 maxime
524 2253 739 2336 impenderet,
778 2263 887 2317 tamen
920 2254 982 2317 hoc
1016 2256 1123 2317 animo
1157 2255 1206 2320 fui

237 2377 373 2438 semper,
404 2365 440 2419 ut
467 2355 625 2419 invidiam
653 2355 774 2417 virtute
804 2364 933 2438 partam
961 2353 1108 2436 gloriam,
1136 2376 1204 2418 non

197 2485 223 2526 to
235 2458 395 2522 invidiam
410 2465 569 2540 putarem.
594 2455 802 2540 Quamquam
817 2477 883 2518 non
898 2454 979 2518 nulli
1002 2457 1124 2519 suntin
1138 2455 1204 2520 hoc

235 2560 358 2639 ordine,
382 2560 436 2642 qui
452 2568 508 2621 aut
524 2581 572 2632 ea,
597 2579 680 2641 quae
703 2560 880 2638 imminent,
904 2579 970 2620 non
991 2557 1125 2621 videant
1147 2570 1205 2621 aut
1219 2584 1246 2622 a

235 2684 285 2744 ea,
319 2681 402 2745 quae
429 2657 549 2739 vident,
585 2658 803 2740 dissimulent3
837 2660 892 2742 qui
921 2680 1013 2742 spem
1044 2656 1202 2722 Catilinae

235 2763 386 2828 mollibus
417 2760 583 2826 sententiis
613 2760 763 2825 aluerunt
796 2761 1116 2841 coniurationemque
1145 2781 1201 2822 na·

236 2875 380 2932 suentem
417 2885 482 2926 non
519 2861 681 2925 credendo
720 2861 1029 2940 corroboraverunt3
1067 2881 1201 2942 quorum

236 2969 429 3033 auctoritate
452 2964 554 3044 multi,
577 2985 643 3027 non
667 2963 773 3027 solum
795 2962 947 3046 improbi,
969 2982 1082 3024 verum
1104 2963 1203 3025 etiam

235 3071 385 3155 imperiti,
423 3071 451 3133 si
483 3069 517 3130 in
554 3066 640 3129 hunc
677 3066 992 3145 animadvertissem,
1031 3064 1204 3128 crudeliter

236 3183 268 3237 et
295 3174 383 3253 regie
411 3169 535 3232 factum
563 3189 633 3232 esse
665 3167 819 3230 dicerent.
862 3166 957 3229 Nunc
986 3166 1148 3248 intellego,
1176 3167 1204 3229 si

236 3276 307 3356 iste,
335 3293 398 3357 quo
429 3270 582 3350 intendit,
611 3270 643 3332 in
674 3268 842 3332 Manliana
872 3277 982 3331 castra
1010 3268 1203 3350 pervenerit,

235 3375 397 3440 neminem
412 3382 480 3436 tam
503 3370 636 3435 stultum
650 3370 731 3451 fore,
756 3371 891 3453 quinon
913 3367 1034 3444 videat,
1057 3369 1202 3431 coniura-

235 3480 357 3542 tionem
370 3497 442 3540 esse
458 3475 589 3550 factam,
604 3473 767 3535 neminem
776 3480 845 3534 tam
859 3468 1054 3553 improbum,
1071 3470 1125 3552 qui
1137 3489 1203 3532 non

237 3581 387 3644 fateatur.
410 3576 484 3639 Hoc
501 3584 610 3638 autem
625 3594 689 3636 uno
705 3573 875 3636 interfecto
891 3569 1043 3652 intellego
1058 3567 1143 3632 hanc
1155 3572 1203 3634 rei
1216 3589 1242 3628 eo

237 3680 388 3768 publicae
404 3695 530 3764 pestem
546 3674 712 3759 paulisper
726 3675 867 3758 reprimi,
884 3694 948 3736 nou
963 3672 997 3734 in
1012 3680 1203 3756 perpetuum
