2817 4425
456 992 885 1091 PRAEFATIO.

610 1197 746 1205 ——n--n—

292 1370 339 1463 ln
362 1401 470 1465 fronte
489 1401 586 1464 huius
609 1400 767 1465 editionis
790 1420 909 1463 nomen
924 1398 1075 1477 Linkeri,
1099 1401 1152 1481 qui

190 1503 332 1586 priorem
343 1502 459 1565 harum
472 1504 659 1566 orationum
671 1502 851 1565 editionem
864 1500 953 1584 apud
965 1498 1002 1563 O.
1015 1498 1153 1563 Geroldi

190 1604 292 1668 lilium
315 1627 345 1668 a.
371 1604 452 1667 1873
480 1613 668 1684 curaverat,
698 1600 808 1682 omisi,
833 1601 921 1686 quod
942 1623 1008 1665 non
1032 1602 1153 1665 iniuria

190 1728 240 1770 me
273 1708 393 1771 fecisse
427 1706 580 1780 arbitror,
619 1708 774 1790 quoniam
808 1726 851 1768 ex
883 1703 973 1767 illius
1008 1703 1153 1766 editione
1230 1776 1249 1789 ,Ι

191 1807 425 1871 nihilomnino
455 1810 489 1870 in
517 1829 624 1871 meum
651 1830 703 1871 me
725 1829 822 1871 usum
847 1807 1054 1871 convertisse
1076 1828 1154 1868 vere

189 1910 268 1973 mihi
298 1910 376 1973 licet
405 1908 592 1972 adfirmare.
636 1910 751 1992 Neque
775 1910 863 1972 enim
890 1907 1034 1989 easdem,
1069 1929 1153 1991 quae

188 2010 336 2073 Linkero
365 2010 572 2095 placuerant,
606 2034 681 2076 eum
710 2011 787 2075 aliis
817 2012 852 2074 in
881 2010 992 2092 rebus,
1025 2019 1096 2073 tum
1118 2013 1153 2073 in

189 2124 284 2179 textu
308 2116 389 2198 ipse,
413 2134 508 2197 quem
536 2124 669 2195 vocant,
699 2112 904 2176 recensendo
927 2113 1074 2175 rationes
1103 2134 1152 2175 se·

160 2228 165 2240 '
188 2227 283 2280 cutus
307 2240 394 2300 sum3
415 2217 530 2299 veluti,
554 2241 655 2281 unum
677 2228 714 2280 ut
738 2217 899 2298 adferam,
927 2216 1056 2280 Linker
1077 2217 1152 2301 plus

135 2361 141 2374 ·
188 2317 248 2383 XO
271 2320 354 2385 locis
383 2323 418 2384 in
448 2320 501 2384 his
526 2331 684 2404 quattuor
708 2319 915 2383 orationibus
939 2329 997 2382 aut
1021 2319 1153 2401 singula

189 2422 352 2499 vocabula
369 2433 426 2484 aut
442 2433 531 2487 totas
549 2423 734 2486 sententias
747 2425 842 2485 uncis
855 2422 1049 2501 incluserat,
1066 2421 1153 2505 quod

135 2517 140 2528 ¹
169 2518 208 2588 ¹a
241 2526 372 2588 ratione
405 2524 544 2588 huiusce
577 2523 667 2588 modi
698 2523 865 2604 editionis,
900 2547 985 2609 quae
1009 2525 1151 2607 discipu-

135 2621 136 2624 *
187 2627 293 2690 lorum
315 2626 469 2690 manibus
491 2626 647 2707 traditur,
670 2648 806 2711 prorsus
837 2626 980 2689 alienum
1003 2626 1082 2689 mihi
1105 2628 1151 2689 vi·

189 2730 294 2792 detur.
317 2729 435 2812 Itaque
460 2727 621 2812 equidem,
652 2750 737 2811 quae
766 2728 903 2791 ferenda
932 2730 1063 2790 omnino
1086 2750 1149 2791 non

187 2829 398 2910 videbantur,
415 2834 454 2893 ea'
471 2831 623 2894 eicienda
641 2833 754 2893 statui.
778 2830 900 2893 Textui
917 2830 1150 2894 constituendo

138 3009 141 3017 ,
186 2931 366 2996 editionem
389 2930 425 2995 C.
448 2933 475 2994 F
478 2943 486 2995 “.
504 2933 556 2995 W.
580 2932 743 3012 Muelleri,
767 2944 804 2995 ut
819 2954 879 3016 par
901 2934 974 3008 fuit,
997 2955 1055 3017 pro
1079 2934 1150 2997 fun·

188 3034 343 3098 (lamento
367 3034 504 3116 subieci,
534 3060 553 3097 a
578 3057 640 3118 quo
665 3058 740 3099 cum
763 3035 839 3098 aliis
862 3035 956 3116 lociS,
985 3037 1040 3118 qui
1063 3036 1150 3099 infra

187 3143 431 3216 enumerantur,
454 3145 524 3199 tum
546 3137 672 3220 passim
690 3137 830 3200 discessi
854 3138 887 3198 in
905 3136 1149 3220 orthographia.

186 3237 326 3302 Mueller
349 3239 436 3300 enim
460 3237 504 3301 ad
520 3237 672 3302 codicum
696 3241 893 3322 optimorum
916 3241 1148 3310 auctoritatem

185 3362 288 3424 usque
312 3361 349 3404 eo
374 3362 409 3403 se
432 3339 625 3425 applicavit,
654 3351 689 3404 ut
719 3341 810 3404 haud
837 3362 913 3404 raro
942 3341 1030 3403 idem
1052 3363 1148 3407 voea-

186 3442 298 3506 bulum
322 3443 396 3531 aliis
426 3441 509 3508 locis
534 3442 632 3507 aliter
663 3442 875 3506 scribendum
900 3465 973 3505 esse
996 3444 1059 3506 sibi
1078 3466 1143 3528 per·

176 3528 338 3608 suaserit.
364 3544 461 3624 Quod
484 3546 518 3607 in
542 3543 688 3607 editione
713 3545 900 3608 scholarum
923 3547 997 3608 usui
1021 3567 1147 3610 accom-

186 3646 321 3710 modata
344 3655 434 3709 certe
457 3647 534 3709 ferri
558 3668 625 3708 non
648 3658 768 3728 potest.

237 3753 344 3794 Ciceronis
358 3753 464 3795 orationes
478 3755 493 3793 1.
535 3742 804 3850 163964
1034 3768 1049 3797 a
