2817 4425
541 416 615 469 cnr.
633 416 711 478 a-a,
729 416 755 481 s.
775 417 883 466 1a-22.
1150 418 1192 480 45

224 604 367 670 candum
379 604 533 669 consules
546 603 596 669 illi
607 604 815 687 locaverunt,
827 603 886 667 sed
897 613 994 668 tanta
1006 604 1070 668 fuit
1083 607 1192 690 operis

224 708 384 789 tarditas,
412 717 450 770 ut
478 729 586 792 neque
615 706 840 792 superioribus
868 706 1062 771 consulibus
1084 730 1191 793 neque

223 810 319 874 nobis
342 819 421 874 ante
443 807 640 874 hodiernum
664 808 752 873 diem
775 807 1007 873 collocaretur.
1035 809 1100 873 Hic
1117 812 1249 894 quista

223 922 334 997 potest
349 932 432 993 esse,
449 910 608 994 Quirites,
624 920 694 975 tam
709 933 848 975 aversus
863 934 885 975 a
900 933 990 993 vero,
1012 920 1082 975 tam
1097 934 1190 996 prae·

204 1035 313 1098 5ceps,
328 1023 398 1077 tam
409 1023 519 1077 mente
531 1023 662 1099 captus,
680 1014 736 1098 qui
748 1021 860 1096 neget,
873 1013 955 1077 baec
968 1014 1089 1095 omnia,
1107 1034 1191 1099 quae

222 1117 384 1197 videmus,
407 1117 650 1200 praecipueque
664 1115 753 1179 hanc
774 1114 891 1179 urbem
908 1114 1043 1179 deorum
1060 1118 1190 1180 immor·

222 1218 341 1281 talium
358 1227 442 1281 nutu
458 1237 498 1281 ac
512 1226 681 1302 potestate
698 1217 948 1282 administrari?
969 1217 1104 1281 Etenim
1115 1239 1191 1282 cum

223 1330 312 1384 esset
328 1322 376 1383 ita
390 1340 595 1403 responsum,
617 1319 750 1402 caedes,
773 1319 939 1401 incendia,
956 1322 1128 1385 interitum
1142 1324 1190 1385 rei

221 1421 377 1507 publicae
406 1422 610 1505 comparari,
645 1430 677 1485 et
709 1442 748 1485 ea
775 1443 835 1506 per
862 1422 971 1505 cives,
1005 1443 1091 1507 quae
1119 1431 1190 1487 tum

190 1558 214 1598 ω
221 1532 357 1609 propter
373 1522 640 1605 magnitudinem
663 1521 826 1587 scelerum
848 1545 915 1587 non
930 1524 1030 1589 nullis
1047 1526 1190 1591 incredi-

222 1625 303 1690 bilia
325 1624 538 1705 videbantur,
563 1647 602 1687 ea
624 1646 692 1689 non
714 1626 812 1689 modo
834 1628 985 1708 cogitata
1009 1650 1029 1691 a
1051 1629 1189 1692 nefariis

221 1726 362 1808 civibus,
385 1749 501 1792 verum
525 1728 627 1790 etiam
651 1738 808 1812 suscepta
825 1750 898 1792 esse
914 1730 1077 1794 sensistis.
1100 1730 1190 1794 Illud
1247 1746 1249 1750 ⁴

220 1851 298 1894 vero
321 1850 432 1893 nonne
455 1831 504 1892 ita
527 1850 686 1912 praesens
712 1840 772 1909 est,
795 1840 834 1894 ut
856 1839 939 1894 nutu
960 1831 1050 1895 Iovis
1065 1829 1189 1917 Optimi

218 1930 358 1994 Maximi
380 1930 508 1994 factum
530 1952 604 1994 esse
619 1930 785 2014 videatur,
801 1941 848 2014 ut,
867 1953 942 1997 cum
957 1932 1118 1998 hodierno
1136 1934 1189 1998 die

189 2054 399 2117 1⁶maneper
422 2032 528 2096 forum
555 2054 628 2096 meo
656 2034 751 2097 iussu
775 2042 808 2097 et
830 2035 998 2099 coniurati
1021 2044 1054 2099 et
1077 2058 1189 2101 eorum

221 2133 348 2199 indices
375 2135 410 2197 in
434 2133 551 2199 aedem
574 2132 785 2198 Concordiae
811 2134 1027 2221 ducerentur,
1056 2159 1093 2201 eo
1117 2140 1188 2224 ipso

220 2248 368 2322 tempore
391 2237 522 2320 signum
546 2237 775 2302 statueretur?
808 2259 873 2322 quo
901 2238 1066 2304 collocato
1089 2250 1190 2326 atque

221 2339 265 2404 ad
286 2361 346 2404 vos
376 2350 593 2424 senatumque
626 2361 790 2404 converso
820 2342 945 2416 omnia,
980 2363 1064 2426 quae
1093 2354 1189 2408 erant

220 2451 338 2506 eontra
356 2441 498 2506 salutem
514 2443 659 2506 omnium
672 2443 835 2524 cogitata,
858 2442 1031 2507 illustrata
1047 2454 1081 2508 et
1096 2455 1187 2529 pate·

187 2543 312 2617 ,olacta
328 2543 475 2608 vidistis.
505 2541 578 2622 Quo
596 2545 698 2608 etiam
712 2545 838 2608 maiore
854 2554 932 2609 sunt
946 2546 1004 2610 isti
1020 2546 1097 2612 odio
1113 2569 1186 2634 sup·
1197 2574 1222 2611 22

219 2645 386 2730 plieioque
410 2645 519 2729 digni,
551 2647 607 2730 qui
633 2667 700 2714 non
730 2645 837 2711 solum
858 2650 980 2712 vestris
1010 2648 1187 2715 domiciliis

221 2756 321 2831 atque
344 2750 460 2830 tectis,
490 2747 670 2812 sedetiam
694 2748 831 2814 deorum
852 2749 986 2834 templis
1009 2761 1110 2836 atque
1133 2754 1186 2817 de·

221 2848 326 2913 lubris
340 2860 416 2914 sunt
428 2851 578 2916 funestos
591 2873 633 2916 ac
648 2851 796 2915 nefarios
815 2854 910 2934 ignes
927 2854 1051 2919 inferre
1065 2859 1186 2918 conati.

221 2947 349 3028 Quibus
378 2973 439 3035 ego
469 2954 497 3016 si
524 2975 577 3017 me
604 2955 771 3018 restitisse
800 2953 919 3036 dicam,
947 2957 1085 3021 nimium
1107 2959 1187 3022 mibi

188 3073 349 3126 25sumam
372 3063 405 3116 et
427 3076 494 3118 non
516 3057 579 3118 sim
601 3053 774 3136 serendus3
797 3054 864 3137 ille,
887 3055 944 3120 ille
966 3058 1115 3143 Iuppiter
1137 3084 1185 3124 re-

222 3155 327 3235 stitit,
344 3153 400 3218 ille
412 3153 624 3240 Capitolium,
642 3155 699 3219 ille
711 3156 795 3222 haec
808 3157 943 3241 templa,
958 3159 1016 3224 ille
1032 3172 1186 3227 cunctam

220 3254 347 3338 urbem,
371 3255 429 3320 ille
443 3278 503 3321 vos
527 3279 639 3323 omnes
664 3259 777 3323 salvos
800 3280 874 3324 esse
889 3261 1004 3325 voluit.
1037 3263 1101 3328 Dis
1124 3287 1185 3348 ego

221 3357 464 3423 immortalibus
489 3359 630 3425 ducibus
653 3361 741 3428 hanc
763 3372 917 3446 mentem,
942 3363 1101 3449 Quirites,
1129 3391 1184 3432 vo·

221 3460 448 3546 luntatemque
476 3465 606 3548 suscepi
634 3472 735 3550 atque
763 3465 808 3530 ad
835 3465 919 3531 haec
940 3478 1038 3534 tanta
1060 3470 1185 3534 indicia

187 3565 365 3647 ,operveni
388 3563 460 3628 Iam
477 3586 556 3629 vero
575 3565 619 3630 ab
630 3565 775 3632 Lentulo
794 3569 981 3654 ceterisque
994 3570 1184 3637 domesticis

221 3664 371 3730 hostibus
387 3675 457 3731 tam
469 3665 638 3733 dementer
652 3678 770 3734 tantae
781 3692 835 3735 res
847 3671 996 3738 creditae
1012 3684 1045 3738 et
1060 3675 1183 3758 ignotis
