2817 4425
509 434 584 485 cnr.
603 434 680 494 a-s‚
698 433 724 499 ς.
743 435 851 484 rs-sa.
1128 434 1166 499 13

201 626 349 707 Romani,
377 624 606 689 honestissimi
634 633 735 707 atque
757 625 872 707 optimi
895 624 969 703 viri,
998 624 1166 708 ceterique

200 728 374 794 fortissimi
397 728 498 807 cives,
522 727 578 809 qui
600 726 821 788 circumstant
844 735 1005 807 senatum,
1028 747 1166 811 quorum

199 840 236 894 tu
266 841 300 895 et
326 829 548 913 frequentiam
570 826 685 891 videre
715 836 748 890 et
777 826 889 891 studia
916 828 1105 911 perspicere
1133 837 1167 890 et

198 953 297 996 voces
320 930 420 1015 paulo
444 938 522 992 ante
552 927 714 992 exaudire
736 929 886 1012 potuisti.
930 927 1078 1007 Quorum
1106 948 1167 1012 ego

179 1036 258 1099 svix
279 1032 341 1097 abs
365 1043 398 1096 te
414 1034 481 1095 iam
497 1031 554 1094 diu
569 1052 687 1093 manus
703 1051 744 1093 ec
761 1029 829 1093 tela
845 1032 1012 1113 contineo,
1034 1029 1166 1094 eosdem

199 1138 298 1202 facile
322 1134 497 1213 adducam,
520 1141 557 1195 ut
580 1141 614 1196 te
635 1132 729 1213 haec,
754 1154 839 1216 quae
855 1142 990 1197 vastare
1012 1134 1080 1197 iam
1101 1133 1166 1216 pri·

200 1240 275 1303 dem
299 1236 424 1317 studes,
448 1234 690 1317 relinquentem
719 1256 823 1318 usque
852 1234 897 1298 ed
918 1244 1033 1319 portas
1056 1256 1166 1319 prose·

199 1350 353 1425 quantur.
431 1403 432 1407 ,

302 1440 509 1523 Quamquam
517 1438 597 1522 quid
608 1437 746 1522 loquor?
759 1437 807 1501 Te
818 1448 855 1503 ut
867 1438 936 1502 ulla
947 1461 1000 1503 res
1008 1437 1191 1521 frangam
1200 1450 1225 1491 ¹⁸

167 1554 236 1608 rotu
258 1552 293 1607 ut
316 1562 461 1625 unquam
472 1550 506 1605 te
523 1539 697 1621 corrigas?
727 1548 764 1603 tu
786 1551 823 1603 ut
845 1540 949 1605 ullam
964 1542 1078 1623 fugam
1100 1562 1167 1604 me·

200 1644 326 1709 ditere?
353 1653 392 1706 tu
414 1652 451 1706 ut
474 1642 579 1706 ullum
597 1641 753 1706 exsilium
769 1643 920 1725 cogites?
950 1644 1090 1709 Utinam
1104 1642 1167 1707 tibi

198 1750 298 1813 istam
320 1755 464 1813 mentem
481 1745 515 1809 di
531 1744 736 1809 immortales
755 1744 867 1809 duint!
900 1747 1035 1810 tametsi
1058 1746 1166 1827 video,

199 1853 226 1914 si
248 1872 323 1914 mea
339 1869 421 1913 voce
443 1849 640 1933 perterritus
664 1847 713 1911 ire
736 1848 770 1911 in
787 1847 941 1912 exsilium
957 1850 1104 1913 animum
1118 1850 1166 1912 in·

184 1952 345 2033 duxeris,
368 1960 496 2035 quanta
511 1959 695 2034 tempestas
712 1950 862 2014 invidiae
876 1951 984 2032 nobis,
1009 1953 1037 2016 si
1058 1953 1166 2015 minus

163 2079 189 2117 rs
197 2058 232 2119 in
255 2075 414 2138 praesens
438 2063 578 2137 tempus,
600 2055 729 2117 recenti
744 2055 902 2117 memoria
919 2052 1080 2117 scelerum
1095 2064 1166 2117 tuo-

101 2175 167 2231 ..-.>
198 2179 280 2239 rum,
304 2165 340 2222 at
362 2158 397 2220 in
412 2157 645 2242 posteritatem
662 2154 863 2241 impendeat.
905 2153 972 2220 Sed
996 2165 1046 2220 est
1069 2158 1165 2236 tanti,

199 2260 275 2323 dum
297 2258 394 2322 modo
418 2260 485 2322 ista
509 2261 553 2322 sit
575 2260 710 2343 privata
739 2257 915 2322 calamitas
940 2267 982 2320 et·
996 2281 1016 2322 a
1038 2260 1086 2323 rei
1109 2281 1166 2343 pu-

196 2362 307 2426 blicae
334 2360 492 2445 periculis
524 2362 731 2443 seiungatur.
777 2358 844 2424 Sed
866 2370 903 2423 tu
925 2370 962 2424 ut
985 2362 1077 2424 vitiis
1100 2363 1166 2424 tuis

197 2485 436 2544 commoveam,
459 2472 495 2526 ut
514 2461 626 2545 legum
641 2484 767 2547 poenas
783 2463 1011 2544 pertimescas,
1033 2473 1070 2526 ut
1085 2471 1166 2526 tem·

162 2564 333 2650 soporibus
357 2567 405 2628 rei
429 2564 585 2648 publicae
609 2564 728 2646 cedas,
755 2586 822 2628 non
846 2574 896 2629 est
918 2565 1165 2649 postulandum,

195 2667 309 2751 Neque
326 2668 413 2729 enim
430 2668 459 2729 is
476 2688 522 2747 es,
538 2664 696 2745 Catilina,
713 2676 750 2730 ut
765 2676 800 2730 te
815 2676 873 2730 aut
888 2666 996 2750 pudor
1024 2689 1167 2752 unquam

196 2791 216 2832 a
239 2767 447 2853 turpitudine
471 2778 529 2831 aut
551 2780 659 2833 metus
677 2767 860 2851 epericulo
884 2777 942 2832 aut
965 2771 1052 2833 ratio
1075 2792 1095 2833 a
1118 2771 1166 2834 fu·

194 2891 269 2933 rore
290 2872 468 2936 revocarit.
515 2870 622 2951 Quam
646 2869 688 2933 ob
711 2893 790 2950 rem,
813 2879 850 2933 ut
874 2893 972 2955 saepe
995 2875 1062 2936 iam
1086 2872 1166 2953 dixi,
1175 2892 1200 2933 as

195 2971 407 3054 proficiscere
430 2993 481 3054 ac,
507 2976 535 3036 si
557 2973 638 3036 mihi
662 2973 808 3053 inimico,
836 2982 873 3036 ut
895 2974 1083 3057 praedicas,
1108 2984 1165 3038 tuo

133 3072 601 3159 MQEQUDEQQ
624 3084 719 3137 recta
741 3094 843 3156 perge
866 3075 900 3136 in
917 3074 1085 3155 exsilium3
1108 3077 1167 3139 vix

139 3166 140 3169 ¹
193 3178 301 3240 leram
318 3197 485 3239 sermones
501 3174 679 3255 hominum,
704 3177 733 3238 si
756 3175 792 3239 id
813 3176 951 3257 feceris3
974 3178 1033 3240 vix
1047 3177 1166 3241 molem

194 3279 291 3342 istius
315 3277 475 3358 invidiae,
500 3279 527 3341 si
551 3279 586 3340 in
610 3277 766 3342 exsilium
788 3281 881 3342 iussu
904 3278 1052 3343 consulis
1076 3282 1164 3357 ieris,

195 3378 375 3445 sustinebo.
400 3376 460 3442 Sin
476 3388 588 3442 autem
612 3380 738 3443 servire
753 3401 847 3443 meae
869 3379 961 3444 laudi
985 3390 1018 3445 et
1040 3380 1167 3463 gloriae

193 3484 310 3562 mavis,
328 3480 487 3564 egredere
503 3502 579 3544 cum
594 3481 784 3565 importuna
801 3481 1039 3547 sceleratorum
1056 3506 1166 3565 manu,

159 3584 309 3648 soconfer
332 3592 366 3647 te
390 3582 435 3647 ad
457 3582 631 3665 Manlium,
660 3586 794 3648 concita
818 3585 967 3669 perditos
991 3587 1093 3668 cives,
1117 3608 1166 3650 se-

193 3707 294 3750 cerne
310 3695 344 3750 te
359 3670 383 3749 a'
395 3684 502 3767 bonis,
519 3684 604 3759 infer
620 3687 750 3768 patriae
766 3685 900 3768 bellurn,
917 3686 1051 3752 exsulta
1066 3690 1164 3773 impio
