2817 4425
171 433 212 496 28
479 433 516 483 IN
534 434 564 486 L.
586 433 785 484 CATILINAM
803 436 830 483 11

111 630 162 685 019
272 620 424 685 Alterum
441 642 545 703 genus
562 631 612 685 est
629 644 751 703 eorum,
767 623 834 706 qui,
851 643 1050 706 quamquam
1065 646 1142 708 pre-

170 731 303 787 muntur
314 745 391 787 aere
404 723 524 803 alieno,
533 723 793 787 dominationem
803 732 916 787 tamen
930 734 1142 808 exspectant,

170 848 279 890 rerum
300 828 401 911 potiri
416 826 543 902 volunt,
559 826 713 907 honores,
729 847 809 910 quos
826 828 939 910 quieta
955 825 1142 909 republica

172 928 359 1011 desperant,
376 928 573 1011 perturbata
589 950 625 991 se
636 930 796 1011 consequi
808 948 906 1010 posse
922 926 1142 991 arbitrantur.

172 1029 299 1109 Quibus
322 1028 385 1093 hoe
408 1028 682 1113 praecipiendum
704 1028 855 1108 videtur,
885 1050 986 1092 unum
1010 1028 1165 1097 sciliceta
1239 1076 1244 1082 -

172 1141 204 1195 et
227 1132 315 1196 idem
334 1132 422 1216 quod
444 1132 580 1216 reliquis
601 1130 765 1211 omnibus,
788 1140 826 1193 ut
844 1130 1020 1213 desperent
1043 1149 1078 1193 se
1095 1130 1141 1209 id,

172 1234 259 1320 quod
287 1245 465 1314 conantur,
494 1234 654 1317 consequi
681 1253 797 1317 posse3
830 1234 972 1315 primum
995 1234 1141 1295 omnium

170 1359 223 1399 me
246 1338 353 1420 ipsum
375 1335 528 1417 vigilare,
552 1334 682 1416 adesse,
706 1334 883 1418 providere
905 1336 954 1398 rei
970 1332 1141 1417 publioae3

172 1437 292 1501 deinde
307 1458 447 1519 magnos
466 1440 593 1502 animos
611 1460 684 1501 esse
705 1440 740 1501 in
756 1436 853 1500 bonis
869 1438 962 1517 viris,
984 1456 1142 1517 magnam

171 1539 396 1622 concordiam,
409 1542 592 1604 maximam
601 1538 986 1619 adessemultitudinem,
998 1559 1141 1621 magnas
1152 1568 1178 1606 ιο

170 1654 346 1727 praeterea
362 1642 507 1706 militum
523 1644 654 1726 eopias3
679 1640 758 1705 deos
777 1640 919 1724 denique
937 1641 1140 1705 immortales

171 1747 248 1809 huie
272 1748 398 1811 invicto
421 1746 554 1829 populo,
588 1745 776 1808 clarissimo
800 1744 955 1826 imperio,
989 1742 1141 1826 pulcher·

171 1850 275 1912 rimae
297 1846 373 1910 urbi
396 1855 514 1909 eontra
536 1854 668 1930 tantam
691 1846 759 1907 vim
789 1843 923 1907 sceleris
947 1855 1141 1927 praesentes

172 1948 336 2014 auxilium
368 1970 441 2011 esse
469 1947 607 2011 laturos.
653 1945 781 2025 Quodsi
804 1948 871 2009 iam
895 1949 962 2009 sint
985 1946 1030 2026 id,
1054 1948 1142 2030 quod

173 2074 297 2118 summo
321 2052 432 2114 furore
455 2050 607 2133 eupiunt,
639 2048 770 2130 adepti,
799 2070 876 2110 num
899 2048 948 2110 illi
971 2050 1006 2110 in
1030 2051 1141 2111 cinere
1153 2078 1176 2114 ts

172 2156 264 2220 urbis
289 2163 321 2218 et
343 2154 379 2218 in
402 2152 566 2234 sanguine
589 2152 723 2232 civium,
747 2170 832 2234 quae
847 2161 957 2213 mente
973 2150 1141 2215 conscele-

172 2269 248 2323 rata
265 2279 304 2322 ae
319 2256 450 2320 nefaria
466 2255 738 2338 concupiverunt,
755 2252 908 2316 eonsules
925 2275 961 2316 se
977 2276 1017 2317 ao
1035 2253 1140 2318 dieta-

172 2372 261 2424 tores
285 2369 343 2423 aut
359 2359 461 2421 etiam
476 2377 574 2439 reges
592 2367 729 2439 sperant
745 2355 897 2419 futuros?
934 2356 1009 2418 Non
1024 2355 1141 2420 vident

172 2463 208 2525 id
224 2485 259 2526 se
275 2482 405 2544 cupere,
429 2458 561 2543 quodsi
579 2457 693 2541 adepti
712 2459 788 2538 sint,
805 2457 947 2539 fugitivo
965 2457 1066 2522 alicui
1083 2468 1142 2522 aut

173 2564 354 2647 gladiatori
377 2561 517 2625 concedi
540 2563 583 2624 sit
606 2558 767 2624 necesse?
1151 2587 1177 2625 ao

142 2688 167 2727 to
276 2664 426 2727 Tertium
449 2683 553 2744 genus
578 2671 628 2724 est
653 2671 765 2725 aetate
788 2663 855 2724 iam
879 2661 1058 2741 adfectum,
1082 2663 1142 2725 sed

174 2778 285 2832 tamen
308 2765 550 2829 exercitatione
574 2763 758 2844 robustum,
782 2785 844 2847 quo
869 2786 911 2827 ex
934 2784 1054 2846 genere
1076 2765 1141 2826 iste
1187 2835 1195 2854 ι

175 2879 226 2934 est
246 2866 403 2948 Manlius,
427 2867 481 2929 oui
503 2886 591 2928 nuno
616 2863 767 2928 Catilina
790 2865 950 2929 succedit.
996 2867 1041 2930 Hi
1064 2876 1141 2930 sunt

173 2973 321 3037 homines
338 2991 381 3032 ex
397 2970 437 3030 iis
461 2966 613 3049 coloniis,
636 2988 720 3050 quas
737 2965 831 3031 Sulla
847 2970 1036 3050 eonstituit3
1059 2990 1141 3052 quas

176 3095 235 3156 ego
263 3074 437 3136 universas
468 3071 591 3132 civium
621 3091 695 3133 esse
725 3072 922 3153 optimorum
945 3081 979 3136 et
1000 3071 1177 3135 fortiss-a

176 3166 472 3240 morum‘virorum
502 3172 628 3253 sentio,
657 3171 717 3235 sed
739 3181 852 3236 tamen
874 3175 899 3236 ii
923 3183 1000 3237 sunt
1022 3173 1142 3253 coloni,

177 3279 232 3362 qui
249 3299 284 3339 se
300 3278 334 3338 in
350 3274 527 3358 insperatis
547 3295 587 3338 ao
603 3275 786 3361 repentinis
801 3277 951 3357 pecuniis
975 3285 1142 3360 sumptuo-

177 3382 244 3442 sius
274 3376 536 3460 insolentiusque
565 3378 746 3438 iaetarunt.
790 3376 835 3439 Hi
859 3376 935 3440 dum
963 3378 1142 3444 aedificant

176 3491 345 3563 tamquam
355 3477 457 3558 beati,
476 3477 709 3561 dumpraediis
722 3477 831 3559 lectis,
847 3478 984 3543 familiis
1000 3481 1143 3563 magnis,

177 3583 338 3646 conviviis
363 3581 534 3668 apparatis
549 3578 767 3661 delectantur,
791 3581 826 3643 in
840 3589 972 3644 tantum
988 3604 1046 3647 aes
1062 3582 1143 3646 alie·
1153 3605 1177 3642 eo

177 3705 251 3748 num
270 3681 470 3746 inciderunt.
493 3690 540 3745 ut.
565 3683 592 3744 si
610 3680 694 3743 salvi
713 3705 786 3745 esse
802 3682 917 3746 velint.
936 3682 1029 3748 Sulla
1045 3665 1095 3749 sit
1110 3687 1151 3748 iis
