2817 4425
560 421 637 471 cnr.
654 421 731 484 s-c,
748 421 773 487 a.
792 422 899 469 ιο-»ιεΙ
1144 417 1185 481 57

218 611 283 677 hac
306 632 410 675 causa
432 610 658 674 vehementior
681 631 762 691 sum,
791 629 859 672 non
881 608 1061 672 atrocitate
1083 605 1186 670 animi

218 734 406 779 moveor-
423 712 498 796 quis
520 712 608 775 enim
629 721 680 775 est
697 733 749 775 me
771 709 908 775 mitior?
927 747 978 791 —,
999 709 1059 774 sed
1074 710 1186 792 siugu-

218 815 284 880 lari
312 814 457 900 quadam
484 812 692 878 humanitate
720 824 754 878 et
775 813 1016 878 misericordia.
1060 812 1187 876 Videor

218 920 307 983 enim
318 917 399 981 mihi
411 916 525 980 videre
540 915 627 980 hanc
642 914 770 998 urbem,
791 914 899 980 lucem
915 914 1005 979 orbis
1021 923 1187 979 terrarum

196 1030 319 1105 satque
341 1039 452 1083 arcem
475 1020 619 1082 omnium
641 1020 801 1100 gentium,
824 1017 934 1082 subito
949 1038 1016 1081 uno
1032 1016 1186 1081 incendio

218 1122 465 1203 concidentem3
480 1141 579 1185 cerno
596 1122 706 1184 animo
723 1120 854 1204 sepulta
870 1122 905 1183 in
919 1122 1033 1204 patria
1046 1122 1186 1184 miseros

218 1235 319 1310 atque
333 1223 517 1308 insepultos
533 1243 672 1287 acervos
685 1223 826 1305 civium3
841 1231 997 1286 versatur
1011 1220 1093 1286 mihi
1108 1230 1187 1285 ante

218 1327 331 1392 oculos
354 1327 534 1412 adspectus
557 1322 698 1407 Cethegi
722 1333 754 1388 et
776 1323 868 1388 furor
890 1326 925 1387 in
947 1332 1061 1387 vestra
1083 1322 1188 1388 caede

217 1429 425 1495 bacchantis.
452 1426 536 1492 Cum
546 1449 625 1491 vero
637 1426 719 1489 mihi
729 1428 886 1511 proposui
897 1425 1223 1508 regnantemLen-rn

184 1562 210 1602 ιο
217 1530 333 1612 tulum,
350 1532 438 1594 sicut
453 1532 525 1615 ipse
540 1551 576 1593 se
593 1552 635 1593 ex
649 1530 729 1593 fatis
754 1550 906 1613 sperasse
929 1528 1102 1592 confessus
1125 1537 1187 1609 est,

217 1644 434 1721 purpuratum
457 1654 531 1696 esse
553 1632 630 1696 huic
654 1630 845 1713 Gabinium,
869 1654 944 1696 cum
966 1632 1118 1696 exercitu
1132 1652 1187 1695 ve·

216 1734 507 1815 nisseOatilinam,
516 1744 586 1798 tum
597 1731 1186 1810 lamentationemmatrumfamilias,

217 1850 287 1903 tum
304 1838 419 1920 fugam
430 1838 598 1919 virginum
611 1844 712 1921 atque
727 1857 904 1920 puerorum
921 1856 962 1898 ac
974 1836 1188 1899 vexationem

217 1943 385 2023 virginum
399 1937 587 2003 Vestalium
609 1938 838 2022 perhorresco,
862 1946 905 2019 et,
929 1939 1008 2022 quia
1029 1937 1111 2002 mihi
1132 1958 1187 2001 ve·

184 2043 388 2109 rshementer
421 2041 504 2106 haee
526 2040 684 2105 videntur
711 2042 834 2104 misera
862 2050 964 2125 atque
985 2040 1187 2121 miseranda,

217 2144 343 2209 ideirco
366 2145 401 2207 in
425 2165 491 2226 eos,
522 2144 579 2228 qui
603 2165 642 2207 ea
665 2143 826 2228 perficere
849 2142 1034 2225 voluerunt,
1062 2164 1115 2206 me
1138 2164 1188 2205 se·

216 2269 332 2312 verum
347 2247 638 2331 vehementemque
653 2246 809 2331 praebeo.
845 2245 980 2310 Etenim
1002 2268 1136 2331 quaero,
1160 2248 1188 2309 si

217 2353 290 2436 quis
313 2361 411 2436 pater
430 2350 586 2431 familias,
610 2349 726 2414 liberis
749 2351 818 2412 suis
835 2371 856 2412 a
872 2371 968 2413 servo
991 2349 1188 2428 interfectis,

216 2476 321 2518 uxore
344 2455 473 2536 occisa,
502 2454 641 2516 incensa
665 2451 777 2532 domo,
807 2451 1004 2536 supplicium
1028 2451 1069 2516 de
1092 2472 1187 2516 servo

184 2578 284 2620 conon
307 2578 406 2640 quam
428 2554 681 2619 acerbissimum
710 2555 904 2638 sumpserit,
932 2563 1043 2618 utrum
1070 2555 1099 2617 is
1122 2552 1186 2616 cle-

216 2681 308 2723 mens
332 2680 372 2722 ac
394 2659 583 2721 misericors
600 2679 644 2720 an
659 2657 955 2721 inhumanissimus
979 2667 1012 2721 et
1027 2656 1187 2721 crudelis-

218 2763 319 2825 simus
336 2783 408 2826 esse
424 2759 604 2824 videatur?
637 2759 719 2822 Mihi
735 2781 814 2823 vero
831 2761 1038 2844 importunus
1062 2781 1102 2822 ae
1124 2759 1187 2822 fer·

217 2885 310 2943 reus,
343 2864 399 2948 qui
427 2883 494 2926 non
523 2861 637 2925 dolore
666 2870 699 2924 et
728 2863 880 2925 cruciatu
907 2863 1059 2925 nocentis
1094 2881 1188 2923 suum

219 2964 365 3028 dolorem
376 2967 626 3048 cruciatumque
639 2963 783 3027 lenierit.
817 2961 872 3027 Sic
888 2984 949 3026 nos
965 2964 1001 3026 in
1015 2961 1068 3025 his
1088 2962 1188 3025 homi-

184 3065 332 3145 rsnibus,
361 3066 417 3150 qui
438 3087 516 3148 nos,
544 3067 601 3150 qui
623 3067 800 3148 coniuges,
828 3067 885 3150 qui
907 3064 1029 3129 liberos
1056 3075 1188 3128 nostros

217 3166 389 3232 trucidare
400 3167 587 3251 voluerunt,
604 3170 660 3252 qui
677 3168 827 3250 singulas
843 3170 941 3232 unius
956 3169 1116 3252 cuiusque
1131 3188 1188 3231 no·

219 3281 324 3334 strum
341 3269 455 3334 domos
478 3279 512 3334 et
535 3270 598 3334 hoc
620 3272 813 3334 universum
835 3269 1062 3354 reipublicae
1086 3270 1187 3334 domi·

218 3374 331 3438 cilium
347 3372 459 3438 delere
476 3375 591 3438 conati
607 3382 695 3456 sunt,
712 3377 769 3459 qui
784 3373 820 3438 id
836 3382 988 3456 egerunt,
1002 3382 1039 3437 ut
1055 3382 1188 3455 gentem

218 3475 436 3558 Allobrogum
452 3477 486 3539 in
502 3477 657 3558 vestigiis
681 3475 778 3540 huius
794 3475 887 3539 urbis
910 3484 1011 3560 atque
1026 3476 1061 3538 in
1076 3477 1188 3538 cinere

184 3596 211 3636 ao
221 3577 396 3660 deflagrati
411 3579 542 3662 imperii
553 3577 770 3660 collocarent,
787 3579 815 3641 si
827 3576 1109 3642 vehementissimi
1120 3577 1187 3641 fue·

219 3682 331 3762 rimus,
354 3679 587 3745 misericordes
600 3679 812 3762 habebimur,
829 3680 880 3743 sin
892 3680 1098 3745 remissiores
1115 3702 1187 3745 esse
