<?xml version="1.0" encoding="UTF-8"?>
<!DOCTYPE html PUBLIC "-//W3C//DTD XHTML 1.0 Transitional//EN"
    "http://www.w3.org/TR/xhtml1/DTD/xhtml1-transitional.dtd">
<html xmlns="http://www.w3.org/1999/xhtml" xml:lang="en" lang="en">
 <head>
  <title>
</title>
<meta http-equiv="Content-Type" content="text/html;charset=utf-8" />
  <meta name='ocr-system' content='tesseract 3.04.00' />
  <meta name='ocr-capabilities' content='ocr_page ocr_carea ocr_par ocr_line ocrx_word'/>
</head>
<body>
  <div class='ocr_page' id='page_1' title='image "./mtulliciceronis19cicegoog_0019.png"; bbox 0 0 2817 4425; ppageno 0'>
   <div class='ocr_carea' id='block_1_1' title="bbox 432 632 998 923">
    <p class='ocr_par' dir='ltr' id='par_1_1' title="bbox 432 632 998 923">
     <span class='ocr_line' id='line_1_1' title="bbox 432 632 998 787; baseline 0.004 -2"><span class='ocrx_word' id='word_1_1' title='bbox 432 632 998 787; x_wconf 61' lang='lat' dir='ltr'><strong>onarrornrnrn&#39;</strong></span> 
     </span>
     <span class='ocr_line' id='line_1_2' title="bbox 488 854 939 923; baseline -0.002 -2"><span class='ocrx_word' id='word_1_2' title='bbox 488 855 660 921; x_wconf 83' lang='lat' dir='ltr'><strong>HABITA</strong></span> <span class='ocrx_word' id='word_1_3' title='bbox 682 856 730 921; x_wconf 86' lang='lat' dir='ltr'><strong>IN</strong></span> <span class='ocrx_word' id='word_1_4' title='bbox 753 854 939 923; x_wconf 77' lang='lat' dir='ltr'><strong>SENATU.</strong></span> 
     </span>
    </p>
   </div>
   <div class='ocr_carea' id='block_1_2' title="bbox 660 994 762 1006">
    <p class='ocr_par' dir='ltr' id='par_1_2' title="bbox 660 994 762 1006">
     <span class='ocr_line' id='line_1_3' title="bbox 660 994 762 1006; baseline -0.029 0"><span class='ocrx_word' id='word_1_5' title='bbox 660 994 762 1006; x_wconf 83' lang='lat'>.——-</span> 
     </span>
    </p>
   </div>
   <div class='ocr_carea' id='block_1_3' title="bbox 562 1143 854 1199">
    <p class='ocr_par' dir='ltr' id='par_1_3' title="bbox 562 1143 854 1199">
     <span class='ocr_line' id='line_1_4' title="bbox 562 1143 854 1199; baseline -0.021 0"><span class='ocrx_word' id='word_1_6' title='bbox 562 1143 854 1199; x_wconf 75' lang='lat' dir='ltr'><strong>ARGUMENTUM.</strong></span> 
     </span>
    </p>
   </div>
   <div class='ocr_carea' id='block_1_4' title="bbox 226 1263 1197 3708">
    <p class='ocr_par' dir='ltr' id='par_1_4' title="bbox 226 1263 1197 3708">
     <span class='ocr_line' id='line_1_5' title="bbox 313 1263 1196 1330; baseline -0.001 -16"><span class='ocrx_word' id='word_1_7' title='bbox 313 1265 344 1317; x_wconf 90' lang='lat' dir='ltr'><strong>L.</strong></span> <span class='ocrx_word' id='word_1_8' title='bbox 355 1264 463 1329; x_wconf 82' lang='lat' dir='ltr'><strong>Sergius</strong></span> <span class='ocrx_word' id='word_1_9' title='bbox 478 1263 605 1326; x_wconf 85' lang='lat' dir='ltr'><strong>Catilina,</strong></span> <span class='ocrx_word' id='word_1_10' title='bbox 617 1263 697 1315; x_wconf 93' lang='lat' dir='ltr'><strong>homo</strong></span> <span class='ocrx_word' id='word_1_11' title='bbox 709 1266 825 1330; x_wconf 86' lang='lat' dir='ltr'><strong>patricia</strong></span> <span class='ocrx_word' id='word_1_12' title='bbox 837 1270 916 1330; x_wconf 84' lang='lat' dir='ltr'><strong>gente</strong></span> <span class='ocrx_word' id='word_1_13' title='bbox 929 1268 1012 1326; x_wconf 86' lang='lat' dir='ltr'><strong>ortus,</strong></span> <span class='ocrx_word' id='word_1_14' title='bbox 1024 1263 1085 1315; x_wconf 80' lang='lat' dir='ltr'><strong>‘fuit</strong></span> <span class='ocrx_word' id='word_1_15' title='bbox 1098 1280 1196 1330; x_wconf 81' lang='lat' dir='ltr'><strong>magna</strong></span> 
     </span>
     <span class='ocr_line' id='line_1_6' title="bbox 230 1348 1195 1415; baseline 0 -18"><span class='ocrx_word' id='word_1_16' title='bbox 230 1352 255 1399; x_wconf 86' lang='lat' dir='ltr'><strong>ri</strong></span> <span class='ocrx_word' id='word_1_17' title='bbox 273 1355 299 1399; x_wconf 87' lang='lat' dir='ltr'><strong>et</strong></span> <span class='ocrx_word' id='word_1_18' title='bbox 317 1350 402 1399; x_wconf 86' lang='lat' dir='ltr'><strong>animi</strong></span> <span class='ocrx_word' id='word_1_19' title='bbox 420 1355 447 1398; x_wconf 88' lang='lat' dir='ltr'><strong>et</strong></span> <span class='ocrx_word' id='word_1_20' title='bbox 465 1350 592 1413; x_wconf 90' lang='lat' dir='ltr'><strong>corporis,</strong></span> <span class='ocrx_word' id='word_1_21' title='bbox 616 1348 665 1399; x_wconf 88' lang='lat' dir='ltr'><strong>sed</strong></span> <span class='ocrx_word' id='word_1_22' title='bbox 683 1350 793 1415; x_wconf 80' lang='lat' dir='ltr'><strong>ingenio</strong></span> <span class='ocrx_word' id='word_1_23' title='bbox 813 1348 884 1399; x_wconf 90' lang='lat' dir='ltr'><strong>malo</strong></span> <span class='ocrx_word' id='word_1_24' title='bbox 903 1365 1048 1415; x_wconf 86' lang='lat' dir='ltr'><strong>pravoque.</strong></span> <span class='ocrx_word' id='word_1_25' title='bbox 1071 1348 1144 1398; x_wconf 88' lang='lat' dir='ltr'><strong>Huic</strong></span> <span class='ocrx_word' id='word_1_26' title='bbox 1161 1350 1195 1398; x_wconf 88' lang='lat' dir='ltr'><strong>ab</strong></span> 
     </span>
     <span class='ocr_line' id='line_1_7' title="bbox 229 1434 1196 1500; baseline -0.003 -15"><span class='ocrx_word' id='word_1_27' title='bbox 229 1436 412 1486; x_wconf 78' lang='lat' dir='ltr'>adulescentia</span> <span class='ocrx_word' id='word_1_28' title='bbox 431 1434 505 1484; x_wconf 87' lang='lat' dir='ltr'><strong>bella</strong></span> <span class='ocrx_word' id='word_1_29' title='bbox 522 1436 659 1497; x_wconf 82' lang='lat' dir='ltr'><strong>intestina,</strong></span> <span class='ocrx_word' id='word_1_30' title='bbox 679 1434 785 1496; x_wconf 89' lang='lat' dir='ltr'><strong>caedes,</strong></span> <span class='ocrx_word' id='word_1_31' title='bbox 803 1435 926 1500; x_wconf 80' lang='lat' dir='ltr'><strong>rapinae,</strong></span> <span class='ocrx_word' id='word_1_32' title='bbox 951 1435 1086 1485; x_wconf 76' lang='lat' dir='ltr'><strong>discordia</strong></span> <span class='ocrx_word' id='word_1_33' title='bbox 1109 1434 1196 1484; x_wconf 88' lang='lat' dir='ltr'><strong>civilis</strong></span> 
     </span>
     <span class='ocr_line' id='line_1_8' title="bbox 228 1516 1197 1584; baseline 0.002 -16"><span class='ocrx_word' id='word_1_34' title='bbox 228 1525 304 1584; x_wconf 80' lang='lat' dir='ltr'><strong>grata</strong></span> <span class='ocrx_word' id='word_1_35' title='bbox 320 1518 402 1568; x_wconf 87' lang='lat' dir='ltr'><strong>fuere.</strong></span> <span class='ocrx_word' id='word_1_36' title='bbox 440 1516 543 1583; x_wconf 81' lang='lat' dir='ltr'><strong>Corpus</strong></span> <span class='ocrx_word' id='word_1_37' title='bbox 561 1520 667 1582; x_wconf 86' lang='lat' dir='ltr'><strong>patiens</strong></span> <span class='ocrx_word' id='word_1_38' title='bbox 690 1517 812 1579; x_wconf 86' lang='lat' dir='ltr'><strong>inediae,</strong></span> <span class='ocrx_word' id='word_1_39' title='bbox 840 1518 954 1584; x_wconf 83' lang='lat' dir='ltr'><strong>algoris,</strong></span> <span class='ocrx_word' id='word_1_40' title='bbox 981 1519 1093 1584; x_wconf 79' lang='lat' dir='ltr'><strong>vigiliae</strong></span> <span class='ocrx_word' id='word_1_41' title='bbox 1116 1535 1197 1584; x_wconf 85' lang='lat' dir='ltr'><strong>supra</strong></span> 
     </span>
     <span class='ocr_line' id='line_1_9' title="bbox 228 1602 1196 1669; baseline 0.002 -16"><span class='ocrx_word' id='word_1_42' title='bbox 228 1619 307 1669; x_wconf 87' lang='lat' dir='ltr'><strong>quam</strong></span> <span class='ocrx_word' id='word_1_43' title='bbox 326 1604 451 1667; x_wconf 87' lang='lat' dir='ltr'><strong>cuiquam</strong></span> <span class='ocrx_word' id='word_1_44' title='bbox 471 1602 601 1651; x_wconf 80' lang='lat' dir='ltr'><strong>credibile</strong></span> <span class='ocrx_word' id='word_1_45' title='bbox 621 1608 677 1662; x_wconf 88' lang='lat' dir='ltr'><strong>est;</strong></span> <span class='ocrx_word' id='word_1_46' title='bbox 704 1604 810 1653; x_wconf 91' lang='lat' dir='ltr'><strong>animus</strong></span> <span class='ocrx_word' id='word_1_47' title='bbox 829 1603 925 1667; x_wconf 86' lang='lat' dir='ltr'><strong>audax,</strong></span> <span class='ocrx_word' id='word_1_48' title='bbox 950 1604 1089 1667; x_wconf 89' lang='lat' dir='ltr'><strong>subdolus,</strong></span> <span class='ocrx_word' id='word_1_49' title='bbox 1113 1606 1196 1655; x_wconf 87' lang='lat' dir='ltr'><strong>alieni</strong></span> 
     </span>
     <span class='ocr_line' id='line_1_10' title="bbox 227 1687 1195 1755; baseline 0.002 -16"><span class='ocrx_word' id='word_1_50' title='bbox 227 1690 364 1755; x_wconf 82' lang='lat' dir='ltr'><strong>adpetens,</strong></span> <span class='ocrx_word' id='word_1_51' title='bbox 383 1689 425 1737; x_wconf 90' lang='lat' dir='ltr'><strong>sui</strong></span> <span class='ocrx_word' id='word_1_52' title='bbox 443 1688 578 1752; x_wconf 84' lang='lat' dir='ltr'><strong>profusus,</strong></span> <span class='ocrx_word' id='word_1_53' title='bbox 598 1687 695 1737; x_wconf 88' lang='lat' dir='ltr'><strong>ardens</strong></span> <span class='ocrx_word' id='word_1_54' title='bbox 715 1690 744 1737; x_wconf 92' lang='lat' dir='ltr'><strong>in</strong></span> <span class='ocrx_word' id='word_1_55' title='bbox 762 1689 971 1753; x_wconf 81' lang='lat' dir='ltr'><strong>cupiditatibus3</strong></span> <span class='ocrx_word' id='word_1_56' title='bbox 990 1692 1056 1739; x_wconf 87' lang='lat' dir='ltr'><strong>satis</strong></span> <span class='ocrx_word' id='word_1_57' title='bbox 1069 1690 1195 1755; x_wconf 89' lang='lat' dir='ltr'><strong>eloquen-</strong></span> 
     </span>
     <span class='ocr_line' id='line_1_11' title="bbox 226 1773 1196 1839; baseline 0.004 -17"><span class='ocrx_word' id='word_1_58' title='bbox 226 1776 294 1835; x_wconf 86' lang='lat' dir='ltr'><strong>tiae,</strong></span> <span class='ocrx_word' id='word_1_59' title='bbox 320 1774 469 1837; x_wconf 87' lang='lat' dir='ltr'><strong>sapientiae</strong></span> <span class='ocrx_word' id='word_1_60' title='bbox 494 1787 595 1837; x_wconf 84' lang='lat' dir='ltr'><strong>parum.</strong></span> <span class='ocrx_word' id='word_1_61' title='bbox 631 1773 713 1823; x_wconf 89' lang='lat' dir='ltr'><strong>Hunc</strong></span> <span class='ocrx_word' id='word_1_62' title='bbox 736 1780 797 1839; x_wconf 85' lang='lat' dir='ltr'><strong>post</strong></span> <span class='ocrx_word' id='word_1_63' title='bbox 821 1773 1033 1825; x_wconf 63' lang='lat' dir='ltr'><strong>dominationem</strong></span> <span class='ocrx_word' id='word_1_64' title='bbox 1052 1776 1085 1827; x_wconf 83' lang='lat' dir='ltr'><strong>L.</strong></span> <span class='ocrx_word' id='word_1_65' title='bbox 1104 1776 1196 1828; x_wconf 80' lang='lat' dir='ltr'><strong>Sullae</strong></span> 
     </span>
     <span class='ocr_line' id='line_1_12' title="bbox 227 1858 1196 1928; baseline 0.005 -20"><span class='ocrx_word' id='word_1_66' title='bbox 227 1858 312 1909; x_wconf 90' lang='lat' dir='ltr'><strong>libido</strong></span> <span class='ocrx_word' id='word_1_67' title='bbox 336 1858 454 1907; x_wconf 87' lang='lat' dir='ltr'><strong>maxima</strong></span> <span class='ocrx_word' id='word_1_68' title='bbox 478 1858 616 1907; x_wconf 85' lang='lat' dir='ltr'><strong>invaserat</strong></span> <span class='ocrx_word' id='word_1_69' title='bbox 638 1860 678 1908; x_wconf 91' lang='lat' dir='ltr'><strong>rei</strong></span> <span class='ocrx_word' id='word_1_70' title='bbox 701 1859 828 1923; x_wconf 88' lang='lat' dir='ltr'><strong>publicae</strong></span> <span class='ocrx_word' id='word_1_71' title='bbox 853 1861 1015 1926; x_wconf 78' lang='lat' dir='ltr'><strong>capienda03</strong></span> <span class='ocrx_word' id='word_1_72' title='bbox 1042 1863 1196 1928; x_wconf 79' lang='lat' dir='ltr'><strong>agitabatur</strong></span> 
     </span>
     <span class='ocr_line' id='line_1_13' title="bbox 227 1936 1197 2009; baseline 0.004 -16"><span class='ocrx_word' id='word_1_73' title='bbox 227 1945 312 2007; x_wconf 84' lang='lat' dir='ltr'><strong>magis</strong></span> <span class='ocrx_word' id='word_1_74' title='bbox 330 1943 471 2007; x_wconf 85' lang='lat' dir='ltr'><strong>magisque</strong></span> <span class='ocrx_word' id='word_1_75' title='bbox 496 1942 525 1989; x_wconf 92' lang='lat' dir='ltr'><strong>in</strong></span> <span class='ocrx_word' id='word_1_76' title='bbox 543 1941 600 1992; x_wconf 87' lang='lat' dir='ltr'><strong>dies</strong></span> <span class='ocrx_word' id='word_1_77' title='bbox 618 1945 725 1993; x_wconf 90' lang='lat' dir='ltr'><strong>animus</strong></span> <span class='ocrx_word' id='word_1_78' title='bbox 743 1944 817 1993; x_wconf 84' lang='lat' dir='ltr'><strong>ferox</strong></span> <span class='ocrx_word' id='word_1_79' title='bbox 840 1945 933 2009; x_wconf 87' lang='lat' dir='ltr'><strong>inopia</strong></span> <span class='ocrx_word' id='word_1_80' title='bbox 950 1946 991 1995; x_wconf 91' lang='lat' dir='ltr'><strong>rei</strong></span> <span class='ocrx_word' id='word_1_81' title='bbox 1008 1936 1151 1998; x_wconf 84' lang='lat' dir='ltr'><strong>familiaris</strong></span> <span class='ocrx_word' id='word_1_82' title='bbox 1169 1953 1197 1997; x_wconf 86' lang='lat' dir='ltr'><strong>et</strong></span> 
     </span>
     <span class='ocr_line' id='line_1_14' title="bbox 228 2026 1196 2095; baseline 0.004 -17"><span class='ocrx_word' id='word_1_83' title='bbox 228 2028 393 2078; x_wconf 86' lang='lat' dir='ltr'><strong>conscientia</strong></span> <span class='ocrx_word' id='word_1_84' title='bbox 415 2026 561 2090; x_wconf 89' lang='lat' dir='ltr'><strong>scelerum,</strong></span> <span class='ocrx_word' id='word_1_85' title='bbox 591 2027 743 2078; x_wconf 86' lang='lat' dir='ltr'><strong>incitabant</strong></span> <span class='ocrx_word' id='word_1_86' title='bbox 766 2033 908 2093; x_wconf 85' lang='lat' dir='ltr'><strong>praeterea</strong></span> <span class='ocrx_word' id='word_1_87' title='bbox 934 2032 1052 2095; x_wconf 83' lang='lat' dir='ltr'><strong>corrupti</strong></span> <span class='ocrx_word' id='word_1_88' title='bbox 1079 2032 1196 2082; x_wconf 86' lang='lat' dir='ltr'><strong>civitatis</strong></span> 
     </span>
     <span class='ocr_line' id='line_1_15' title="bbox 228 2112 1196 2183; baseline 0.002 -20"><span class='ocrx_word' id='word_1_89' title='bbox 228 2128 322 2174; x_wconf 88' lang='lat' dir='ltr'><strong>mores,</strong></span> <span class='ocrx_word' id='word_1_90' title='bbox 341 2127 407 2177; x_wconf 88' lang='lat' dir='ltr'><strong>quos</strong></span> <span class='ocrx_word' id='word_1_91' title='bbox 425 2112 543 2177; x_wconf 88' lang='lat' dir='ltr'><strong>pessima</strong></span> <span class='ocrx_word' id='word_1_92' title='bbox 567 2127 600 2162; x_wconf 90' lang='lat' dir='ltr'><strong>ao</strong></span> <span class='ocrx_word' id='word_1_93' title='bbox 617 2112 725 2163; x_wconf 89' lang='lat' dir='ltr'><strong>diversa</strong></span> <span class='ocrx_word' id='word_1_94' title='bbox 742 2114 813 2163; x_wconf 88' lang='lat' dir='ltr'><strong>inter</strong></span> <span class='ocrx_word' id='word_1_95' title='bbox 831 2130 860 2163; x_wconf 89' lang='lat' dir='ltr'><strong>se</strong></span> <span class='ocrx_word' id='word_1_96' title='bbox 877 2114 962 2176; x_wconf 91' lang='lat' dir='ltr'><strong>mala,</strong></span> <span class='ocrx_word' id='word_1_97' title='bbox 985 2116 1093 2165; x_wconf 88' lang='lat' dir='ltr'><strong>luxuria</strong></span> <span class='ocrx_word' id='word_1_98' title='bbox 1116 2122 1196 2183; x_wconf 84' lang='lat' dir='ltr'><strong>atque</strong></span> 
     </span>
     <span class='ocr_line' id='line_1_16' title="bbox 229 2196 1195 2267; baseline 0.001 -17"><span class='ocrx_word' id='word_1_99' title='bbox 229 2199 354 2260; x_wconf 80' lang='lat' dir='ltr'><strong>avaritia,</strong></span> <span class='ocrx_word' id='word_1_100' title='bbox 372 2196 524 2249; x_wconf 83' lang='lat' dir='ltr'><strong>vexabant&#39;.</strong></span> <span class='ocrx_word' id='word_1_101' title='bbox 548 2196 671 2260; x_wconf 81' lang='lat' dir='ltr'><strong>(Sallusti</strong></span> <span class='ocrx_word' id='word_1_102' title='bbox 688 2197 753 2247; x_wconf 88' lang='lat' dir='ltr'><strong>bell.</strong></span> <span class='ocrx_word' id='word_1_103' title='bbox 767 2196 847 2252; x_wconf 79' lang='lat' dir='ltr'><strong>Catil.</strong></span> <span class='ocrx_word' id='word_1_104' title='bbox 859 2216 882 2248; x_wconf 91' lang='lat' dir='ltr'><strong>c.</strong></span> <span class='ocrx_word' id='word_1_105' title='bbox 894 2199 930 2263; x_wconf 81' lang='lat' dir='ltr'><strong>b.)</strong></span> <span class='ocrx_word' id='word_1_106' title='bbox 958 2198 1078 2250; x_wconf 85' lang='lat' dir='ltr'><strong>Sullanis</strong></span> <span class='ocrx_word' id='word_1_107' title='bbox 1095 2207 1195 2267; x_wconf 89' lang='lat' dir='ltr'><strong>tempo·</strong></span> 
     </span>
     <span class='ocr_line' id='line_1_17' title="bbox 227 2282 1196 2351; baseline 0.001 -16"><span class='ocrx_word' id='word_1_108' title='bbox 227 2287 301 2336; x_wconf 87' lang='lat' dir='ltr'><strong>ribus</strong></span> <span class='ocrx_word' id='word_1_109' title='bbox 314 2282 433 2334; x_wconf 81' lang='lat' dir='ltr'><strong>Catilina</strong></span> <span class='ocrx_word' id='word_1_110' title='bbox 451 2298 511 2331; x_wconf 90' lang='lat' dir='ltr'><strong>cum</strong></span> <span class='ocrx_word' id='word_1_111' title='bbox 524 2282 632 2343; x_wconf 87' lang='lat' dir='ltr'><strong>multos,</strong></span> <span class='ocrx_word' id='word_1_112' title='bbox 650 2289 708 2333; x_wconf 86' lang='lat' dir='ltr'><strong>tum</strong></span> <span class='ocrx_word' id='word_1_113' title='bbox 725 2283 835 2333; x_wconf 86' lang='lat' dir='ltr'><strong>fratrem</strong></span> <span class='ocrx_word' id='word_1_114' title='bbox 854 2300 932 2334; x_wconf 89' lang='lat' dir='ltr'><strong>suum</strong></span> <span class='ocrx_word' id='word_1_115' title='bbox 945 2287 1096 2351; x_wconf 89' lang='lat' dir='ltr'><strong>sororisque</strong></span> <span class='ocrx_word' id='word_1_116' title='bbox 1108 2287 1196 2336; x_wconf 80' lang='lat' dir='ltr'><strong>virum</strong></span> 
     </span>
     <span class='ocr_line' id='line_1_18' title="bbox 228 2367 1196 2436; baseline 0.002 -16"><span class='ocrx_word' id='word_1_117' title='bbox 228 2371 359 2421; x_wconf 86' lang='lat' dir='ltr'><strong>occidisse</strong></span> <span class='ocrx_word' id='word_1_118' title='bbox 377 2367 532 2426; x_wconf 84' lang='lat' dir='ltr'><strong>dicebatur;</strong></span> <span class='ocrx_word' id='word_1_119' title='bbox 550 2372 659 2433; x_wconf 86' lang='lat' dir='ltr'><strong>praetor</strong></span> <span class='ocrx_word' id='word_1_120' title='bbox 671 2374 763 2417; x_wconf 88' lang='lat' dir='ltr'><strong>tamen</strong></span> <span class='ocrx_word' id='word_1_121' title='bbox 779 2369 866 2419; x_wconf 83' lang='lat' dir='ltr'><strong>lactus</strong></span> <span class='ocrx_word' id='word_1_122' title='bbox 880 2375 921 2419; x_wconf 87' lang='lat' dir='ltr'><strong>est</strong></span> <span class='ocrx_word' id='word_1_123' title='bbox 932 2385 956 2419; x_wconf 92' lang='lat' dir='ltr'><strong>a.</strong></span> <span class='ocrx_word' id='word_1_124' title='bbox 967 2372 1008 2434; x_wconf 85' lang='lat'><strong>68,</strong></span> <span class='ocrx_word' id='word_1_125' title='bbox 1028 2387 1061 2420; x_wconf 88' lang='lat' dir='ltr'><strong>ex</strong></span> <span class='ocrx_word' id='word_1_126' title='bbox 1071 2377 1196 2436; x_wconf 85' lang='lat' dir='ltr'><strong>praetura</strong></span> 
     </span>
     <span class='ocr_line' id='line_1_19' title="bbox 227 2452 1196 2518; baseline 0.002 -14"><span class='ocrx_word' id='word_1_127' title='bbox 227 2456 346 2504; x_wconf 85' lang='lat' dir='ltr'><strong>Africam</strong></span> <span class='ocrx_word' id='word_1_128' title='bbox 363 2454 532 2518; x_wconf 87' lang='lat' dir='ltr'><strong>provinciam</strong></span> <span class='ocrx_word' id='word_1_129' title='bbox 550 2452 759 2514; x_wconf 85' lang='lat' dir='ltr'><strong>administravit,</strong></span> <span class='ocrx_word' id='word_1_130' title='bbox 777 2469 846 2518; x_wconf 90' lang='lat' dir='ltr'><strong>quae</strong></span> <span class='ocrx_word' id='word_1_131' title='bbox 864 2459 963 2504; x_wconf 83' lang='lat' dir='ltr'><strong>vexata</strong></span> <span class='ocrx_word' id='word_1_132' title='bbox 979 2456 1014 2505; x_wconf 89' lang='lat' dir='ltr'><strong>ab</strong></span> <span class='ocrx_word' id='word_1_133' title='bbox 1034 2472 1065 2505; x_wconf 89' lang='lat' dir='ltr'><strong>eo</strong></span> <span class='ocrx_word' id='word_1_134' title='bbox 1085 2461 1126 2506; x_wconf 86' lang='lat' dir='ltr'><strong>est</strong></span> <span class='ocrx_word' id='word_1_135' title='bbox 1137 2472 1196 2506; x_wconf 87' lang='lat' dir='ltr'><strong>cru·</strong></span> 
     </span>
     <span class='ocr_line' id='line_1_20' title="bbox 229 2538 1195 2606; baseline 0.002 -17"><span class='ocrx_word' id='word_1_136' title='bbox 229 2540 374 2590; x_wconf 89' lang='lat' dir='ltr'><strong>delissime.</strong></span> <span class='ocrx_word' id='word_1_137' title='bbox 411 2539 491 2590; x_wconf 88' lang='lat' dir='ltr'><strong>Unde</strong></span> <span class='ocrx_word' id='word_1_138' title='bbox 515 2554 575 2588; x_wconf 90' lang='lat' dir='ltr'><strong>cum</strong></span> <span class='ocrx_word' id='word_1_139' title='bbox 593 2538 707 2588; x_wconf 85' lang='lat' dir='ltr'><strong>Romam</strong></span> <span class='ocrx_word' id='word_1_140' title='bbox 728 2539 853 2590; x_wconf 84' lang='lat' dir='ltr'><strong>rediisset</strong></span> <span class='ocrx_word' id='word_1_141' title='bbox 875 2555 899 2590; x_wconf 90' lang='lat' dir='ltr'><strong>a.</strong></span> <span class='ocrx_word' id='word_1_142' title='bbox 918 2542 963 2601; x_wconf 80' lang='grc'><strong>66,</strong></span> <span class='ocrx_word' id='word_1_143' title='bbox 988 2541 1195 2606; x_wconf 88' lang='lat' dir='ltr'><strong>repetundarum</strong></span> 
     </span>
     <span class='ocr_line' id='line_1_21' title="bbox 228 2623 1195 2692; baseline 0.001 -17"><span class='ocrx_word' id='word_1_144' title='bbox 228 2629 370 2676; x_wconf 86' lang='lat' dir='ltr'><strong>accusatus</strong></span> <span class='ocrx_word' id='word_1_145' title='bbox 389 2623 589 2674; x_wconf 88' lang='lat' dir='ltr'><strong>damnationem</strong></span> <span class='ocrx_word' id='word_1_146' title='bbox 607 2638 688 2689; x_wconf 78' lang='lat' dir='ltr'><strong>aegre</strong></span> <span class='ocrx_word' id='word_1_147' title='bbox 708 2623 808 2689; x_wconf 79' lang='lat' dir='ltr'><strong>effugit.</strong></span> <span class='ocrx_word' id='word_1_148' title='bbox 833 2624 857 2673; x_wconf 84' lang='lat' dir='ltr'><strong>A</strong></span> <span class='ocrx_word' id='word_1_149' title='bbox 869 2626 1025 2676; x_wconf 89' lang='lat' dir='ltr'><strong>consulatus</strong></span> <span class='ocrx_word' id='word_1_150' title='bbox 1043 2633 1133 2676; x_wconf 89' lang='lat' dir='ltr'><strong>autem</strong></span> <span class='ocrx_word' id='word_1_151' title='bbox 1150 2642 1195 2692; x_wconf 90' lang='lat' dir='ltr'><strong>pe·</strong></span> 
     </span>
     <span class='ocr_line' id='line_1_22' title="bbox 227 2709 1195 2774; baseline 0 -13"><span class='ocrx_word' id='word_1_152' title='bbox 227 2712 330 2770; x_wconf 85' lang='lat' dir='ltr'><strong>titione,</strong></span> <span class='ocrx_word' id='word_1_153' title='bbox 343 2723 423 2774; x_wconf 89' lang='lat' dir='ltr'><strong>quam</strong></span> <span class='ocrx_word' id='word_1_154' title='bbox 436 2709 557 2774; x_wconf 85' lang='lat' dir='ltr'><strong>parabat,</strong></span> <span class='ocrx_word' id='word_1_155' title='bbox 572 2709 702 2760; x_wconf 86' lang='lat' dir='ltr'><strong>desistere</strong></span> <span class='ocrx_word' id='word_1_156' title='bbox 713 2715 769 2759; x_wconf 86' lang='lat' dir='ltr'><strong>tum</strong></span> <span class='ocrx_word' id='word_1_157' title='bbox 788 2710 898 2773; x_wconf 87' lang='lat' dir='ltr'><strong>quidem</strong></span> <span class='ocrx_word' id='word_1_158' title='bbox 911 2717 1020 2761; x_wconf 87' lang='lat' dir='ltr'><strong>coactus</strong></span> <span class='ocrx_word' id='word_1_159' title='bbox 1037 2717 1086 2762; x_wconf 86' lang='lat' dir='ltr'><strong>est.</strong></span> <span class='ocrx_word' id='word_1_160' title='bbox 1109 2711 1195 2761; x_wconf 91' lang='lat' dir='ltr'><strong>Paulo</strong></span> 
     </span>
     <span class='ocr_line' id='line_1_23' title="bbox 228 2793 1196 2861; baseline 0.001 -16"><span class='ocrx_word' id='word_1_161' title='bbox 228 2801 288 2861; x_wconf 85' lang='lat' dir='ltr'><strong>post</strong></span> <span class='ocrx_word' id='word_1_162' title='bbox 300 2795 336 2860; x_wconf 90' lang='lat' dir='ltr'><strong>(a.</strong></span> <span class='ocrx_word' id='word_1_163' title='bbox 347 2794 391 2860; x_wconf 75' lang='lat'><strong>66)</strong></span> <span class='ocrx_word' id='word_1_164' title='bbox 404 2811 465 2845; x_wconf 89' lang='lat' dir='ltr'><strong>cum</strong></span> <span class='ocrx_word' id='word_1_165' title='bbox 478 2795 509 2848; x_wconf 90' lang='lat' dir='ltr'><strong>P.</strong></span> <span class='ocrx_word' id='word_1_166' title='bbox 521 2795 652 2844; x_wconf 83' lang='lat' dir='ltr'><strong>Autronio</strong></span> <span class='ocrx_word' id='word_1_167' title='bbox 665 2795 750 2844; x_wconf 88' lang='lat' dir='ltr'><strong>Paeto</strong></span> <span class='ocrx_word' id='word_1_168' title='bbox 760 2800 788 2843; x_wconf 86' lang='lat' dir='ltr'><strong>et</strong></span> <span class='ocrx_word' id='word_1_169' title='bbox 801 2793 849 2844; x_wconf 83' lang='lat' dir='ltr'><strong>Cn.</strong></span> <span class='ocrx_word' id='word_1_170' title='bbox 862 2795 961 2845; x_wconf 90' lang='lat' dir='ltr'><strong>Pisone</strong></span> <span class='ocrx_word' id='word_1_171' title='bbox 974 2797 1090 2861; x_wconf 90' lang='lat' dir='ltr'><strong>primum</strong></span> <span class='ocrx_word' id='word_1_172' title='bbox 1103 2801 1196 2846; x_wconf 82' lang='lat' dir='ltr'><strong>contra</strong></span> 
     </span>
     <span class='ocr_line' id='line_1_24' title="bbox 229 2878 1195 2946; baseline 0.001 -16"><span class='ocrx_word' id='word_1_173' title='bbox 229 2897 284 2930; x_wconf 90' lang='lat' dir='ltr'><strong>rem</strong></span> <span class='ocrx_word' id='word_1_174' title='bbox 303 2880 440 2946; x_wconf 89' lang='lat' dir='ltr'><strong>publicam</strong></span> <span class='ocrx_word' id='word_1_175' title='bbox 460 2881 618 2944; x_wconf 82' lang='lat' dir='ltr'><strong>coniuravit,</strong></span> <span class='ocrx_word' id='word_1_176' title='bbox 637 2879 670 2932; x_wconf 88' lang='lat' dir='ltr'><strong>L.</strong></span> <span class='ocrx_word' id='word_1_177' title='bbox 688 2878 821 2929; x_wconf 90' lang='lat' dir='ltr'><strong>Manlium</strong></span> <span class='ocrx_word' id='word_1_178' title='bbox 839 2881 1004 2946; x_wconf 85' lang='lat' dir='ltr'><strong>Torquatum</strong></span> <span class='ocrx_word' id='word_1_179' title='bbox 1023 2886 1051 2930; x_wconf 83' lang='lat' dir='ltr'><strong>et</strong></span> <span class='ocrx_word' id='word_1_180' title='bbox 1067 2881 1099 2930; x_wconf 84' lang='lat' dir='ltr'><strong>L.</strong></span> <span class='ocrx_word' id='word_1_181' title='bbox 1111 2881 1195 2931; x_wconf 85' lang='lat' dir='ltr'><strong>Aure-</strong></span> 
     </span>
     <span class='ocr_line' id='line_1_25' title="bbox 229 2964 1195 3016; baseline 0 -1"><span class='ocrx_word' id='word_1_182' title='bbox 229 2966 296 3015; x_wconf 90' lang='lat' dir='ltr'><strong>lium</strong></span> <span class='ocrx_word' id='word_1_183' title='bbox 315 2964 420 3014; x_wconf 81' lang='lat' dir='ltr'><strong>Cottam</strong></span> <span class='ocrx_word' id='word_1_184' title='bbox 439 2980 508 3015; x_wconf 90' lang='lat' dir='ltr'><strong>coss.</strong></span> <span class='ocrx_word' id='word_1_185' title='bbox 525 2964 676 3015; x_wconf 87' lang='lat' dir='ltr'><strong>interficere</strong></span> <span class='ocrx_word' id='word_1_186' title='bbox 701 2969 728 3014; x_wconf 85' lang='lat' dir='ltr'><strong>et</strong></span> <span class='ocrx_word' id='word_1_187' title='bbox 746 2964 830 3015; x_wconf 86' lang='lat' dir='ltr'><strong>caede</strong></span> <span class='ocrx_word' id='word_1_188' title='bbox 851 2966 991 3016; x_wconf 84' lang='lat' dir='ltr'><strong>consulum</strong></span> <span class='ocrx_word' id='word_1_189' title='bbox 1013 2966 1085 3016; x_wconf 84' lang='lat' dir='ltr'><strong>facta</strong></span> <span class='ocrx_word' id='word_1_190' title='bbox 1107 2982 1195 3016; x_wconf 90' lang='lat' dir='ltr'><strong>rerum</strong></span> 
     </span>
     <span class='ocr_line' id='line_1_26' title="bbox 229 3049 1196 3115; baseline 0.002 -17"><span class='ocrx_word' id='word_1_191' title='bbox 229 3049 311 3114; x_wconf 91' lang='lat' dir='ltr'><strong>potiri</strong></span> <span class='ocrx_word' id='word_1_192' title='bbox 329 3050 476 3098; x_wconf 88' lang='lat' dir='ltr'><strong>constituit.</strong></span> <span class='ocrx_word' id='word_1_193' title='bbox 513 3049 585 3100; x_wconf 85' lang='lat' dir='ltr'><strong>Casu</strong></span> <span class='ocrx_word' id='word_1_194' title='bbox 602 3055 708 3098; x_wconf 84' lang='lat' dir='ltr'><strong>tantum</strong></span> <span class='ocrx_word' id='word_1_195' title='bbox 726 3049 804 3098; x_wconf 93' lang='lat' dir='ltr'><strong>modo</strong></span> <span class='ocrx_word' id='word_1_196' title='bbox 823 3049 983 3115; x_wconf 89' lang='lat' dir='ltr'><strong>diremptum</strong></span> <span class='ocrx_word' id='word_1_197' title='bbox 1007 3056 1048 3100; x_wconf 90' lang='lat' dir='ltr'><strong>est</strong></span> <span class='ocrx_word' id='word_1_198' title='bbox 1065 3050 1196 3100; x_wconf 83' lang='lat' dir='ltr'><strong>nefarium</strong></span> 
     </span>
     <span class='ocr_line' id='line_1_27' title="bbox 229 3133 1195 3200; baseline 0 -15"><span class='ocrx_word' id='word_1_199' title='bbox 229 3134 387 3195; x_wconf 88' lang='lat' dir='ltr'><strong>consilium,</strong></span> <span class='ocrx_word' id='word_1_200' title='bbox 412 3135 476 3197; x_wconf 86' lang='lat' dir='ltr'><strong>quia</strong></span> <span class='ocrx_word' id='word_1_201' title='bbox 498 3136 573 3198; x_wconf 90' lang='lat' dir='ltr'><strong>prius</strong></span> <span class='ocrx_word' id='word_1_202' title='bbox 598 3136 704 3198; x_wconf 82' lang='lat' dir='ltr'><strong>signum</strong></span> <span class='ocrx_word' id='word_1_203' title='bbox 729 3134 804 3184; x_wconf 88' lang='lat' dir='ltr'><strong>dedit</strong></span> <span class='ocrx_word' id='word_1_204' title='bbox 822 3133 948 3200; x_wconf 78' lang='lat' dir='ltr'><strong>Catilina,</strong></span> <span class='ocrx_word' id='word_1_205' title='bbox 961 3150 1041 3199; x_wconf 89' lang='lat' dir='ltr'><strong>quam</strong></span> <span class='ocrx_word' id='word_1_206' title='bbox 1062 3137 1195 3185; x_wconf 86' lang='lat' dir='ltr'><strong>coniurati</strong></span> 
     </span>
     <span class='ocr_line' id='line_1_28' title="bbox 229 3218 1196 3285; baseline -0.001 -14"><span class='ocrx_word' id='word_1_207' title='bbox 229 3222 385 3285; x_wconf 84' lang='lat' dir='ltr'><strong>frequentes</strong></span> <span class='ocrx_word' id='word_1_208' title='bbox 403 3224 595 3273; x_wconf 82' lang='lat' dir='ltr'><strong>convenerunt.</strong></span> <span class='ocrx_word' id='word_1_209' title='bbox 609 3218 804 3270; x_wconf 76' lang='lat' dir='ltr'><strong>Nihilominus</strong></span> <span class='ocrx_word' id='word_1_210' title='bbox 825 3235 849 3268; x_wconf 89' lang='lat' dir='ltr'><strong>a.</strong></span> <span class='ocrx_word' id='word_1_211' title='bbox 863 3220 896 3268; x_wconf 80' lang='grc'><strong>64</strong></span> <span class='ocrx_word' id='word_1_212' title='bbox 915 3219 1084 3270; x_wconf 85' lang='lat' dir='ltr'><strong>consulatum</strong></span> <span class='ocrx_word' id='word_1_213' title='bbox 1101 3222 1196 3285; x_wconf 81' lang='lat' dir='ltr'><strong>petivit</strong></span> 
     </span>
     <span class='ocr_line' id='line_1_29' title="bbox 230 3303 1195 3370; baseline 0 -15"><span class='ocrx_word' id='word_1_214' title='bbox 230 3320 285 3355; x_wconf 89' lang='lat' dir='ltr'><strong>una</strong></span> <span class='ocrx_word' id='word_1_215' title='bbox 308 3320 370 3354; x_wconf 90' lang='lat' dir='ltr'><strong>cum</strong></span> <span class='ocrx_word' id='word_1_216' title='bbox 387 3304 509 3366; x_wconf 80' lang='lat' dir='ltr'><strong>Antonio,</strong></span> <span class='ocrx_word' id='word_1_217' title='bbox 527 3303 656 3354; x_wconf 82' lang='lat' dir='ltr'><strong>familiari</strong></span> <span class='ocrx_word' id='word_1_218' title='bbox 679 3319 735 3354; x_wconf 80' lang='lat' dir='ltr'><strong>suo,</strong></span> <span class='ocrx_word' id='word_1_219' title='bbox 772 3303 825 3354; x_wconf 91' lang='lat' dir='ltr'><strong>Sed</strong></span> <span class='ocrx_word' id='word_1_220' title='bbox 843 3305 908 3369; x_wconf 87' lang='lat' dir='ltr'><strong>quia</strong></span> <span class='ocrx_word' id='word_1_221' title='bbox 928 3308 986 3354; x_wconf 89' lang='lat' dir='ltr'><strong>tum</strong></span> <span class='ocrx_word' id='word_1_222' title='bbox 1004 3320 1073 3370; x_wconf 89' lang='lat' dir='ltr'><strong>quae</strong></span> <span class='ocrx_word' id='word_1_223' title='bbox 1096 3305 1145 3356; x_wconf 91' lang='lat' dir='ltr'><strong>ille</strong></span> <span class='ocrx_word' id='word_1_224' title='bbox 1167 3308 1195 3355; x_wconf 92' lang='lat' dir='ltr'><strong>in</strong></span> 
     </span>
     <span class='ocr_line' id='line_1_30' title="bbox 230 3387 1195 3457; baseline 0.001 -17"><span class='ocrx_word' id='word_1_225' title='bbox 230 3391 320 3440; x_wconf 91' lang='lat' dir='ltr'><strong>animo</strong></span> <span class='ocrx_word' id='word_1_226' title='bbox 342 3388 460 3440; x_wconf 83' lang='lat' dir='ltr'><strong>habebat</strong></span> <span class='ocrx_word' id='word_1_227' title='bbox 484 3387 598 3438; x_wconf 90' lang='lat' dir='ltr'><strong>consilia</strong></span> <span class='ocrx_word' id='word_1_228' title='bbox 620 3389 662 3438; x_wconf 90' lang='lat' dir='ltr'><strong>rei</strong></span> <span class='ocrx_word' id='word_1_229' title='bbox 683 3388 811 3453; x_wconf 90' lang='lat' dir='ltr'><strong>publicae</strong></span> <span class='ocrx_word' id='word_1_230' title='bbox 840 3390 1030 3454; x_wconf 88' lang='lat' dir='ltr'><strong>opprimendae</strong></span> <span class='ocrx_word' id='word_1_231' title='bbox 1057 3392 1111 3440; x_wconf 89' lang='lat' dir='ltr'><strong>iam</strong></span> <span class='ocrx_word' id='word_1_232' title='bbox 1136 3407 1195 3457; x_wconf 88' lang='lat' dir='ltr'><strong>per·</strong></span> 
     </span>
     <span class='ocr_line' id='line_1_31' title="bbox 231 3473 1194 3541; baseline 0 -16"><span class='ocrx_word' id='word_1_233' title='bbox 231 3475 419 3536; x_wconf 79' lang='lat' dir='ltr'><strong>crebruerunt,</strong></span> <span class='ocrx_word' id='word_1_234' title='bbox 439 3475 562 3539; x_wconf 85' lang='lat' dir='ltr'><strong>quamvis</strong></span> <span class='ocrx_word' id='word_1_235' title='bbox 580 3473 659 3524; x_wconf 87' lang='lat' dir='ltr'><strong>multi</strong></span> <span class='ocrx_word' id='word_1_236' title='bbox 678 3480 779 3538; x_wconf 86' lang='lat' dir='ltr'><strong>essent,</strong></span> <span class='ocrx_word' id='word_1_237' title='bbox 798 3476 845 3539; x_wconf 87' lang='lat' dir='ltr'><strong>qui</strong></span> <span class='ocrx_word' id='word_1_238' title='bbox 863 3476 889 3524; x_wconf 91' lang='lat' dir='ltr'><strong>ei</strong></span> <span class='ocrx_word' id='word_1_239' title='bbox 907 3475 1129 3541; x_wconf 79' lang='lat' dir='ltr'><strong>suffragarentur,</strong></span> <span class='ocrx_word' id='word_1_240' title='bbox 1155 3493 1194 3534; x_wconf 79' lang='lat' dir='ltr'><strong>re-</strong></span> 
     </span>
     <span class='ocr_line' id='line_1_32' title="bbox 230 3559 1194 3625; baseline 0 -15"><span class='ocrx_word' id='word_1_241' title='bbox 230 3561 335 3625; x_wconf 88' lang='lat' dir='ltr'><strong>pulsam</strong></span> <span class='ocrx_word' id='word_1_242' title='bbox 351 3565 443 3610; x_wconf 91' lang='lat' dir='ltr'><strong>tamen</strong></span> <span class='ocrx_word' id='word_1_243' title='bbox 460 3559 523 3610; x_wconf 89' lang='lat' dir='ltr'><strong>tulit</strong></span> <span class='ocrx_word' id='word_1_244' title='bbox 547 3565 573 3609; x_wconf 94' lang='lat' dir='ltr'><strong>et</strong></span> <span class='ocrx_word' id='word_1_245' title='bbox 598 3561 681 3609; x_wconf 86' lang='lat' dir='ltr'><strong>creati</strong></span> <span class='ocrx_word' id='word_1_246' title='bbox 699 3566 763 3608; x_wconf 87' lang='lat' dir='ltr'><strong>sunt</strong></span> <span class='ocrx_word' id='word_1_247' title='bbox 781 3559 905 3610; x_wconf 87' lang='lat' dir='ltr'><strong>consules</strong></span> <span class='ocrx_word' id='word_1_248' title='bbox 922 3560 959 3611; x_wconf 89' lang='lat' dir='ltr'><strong>M.</strong></span> <span class='ocrx_word' id='word_1_249' title='bbox 977 3560 1083 3610; x_wconf 82' lang='lat' dir='ltr'><strong>Tullius</strong></span> <span class='ocrx_word' id='word_1_250' title='bbox 1101 3559 1194 3610; x_wconf 85' lang='lat' dir='ltr'><strong>Cicero</strong></span> 
     </span>
     <span class='ocr_line' id='line_1_33' title="bbox 232 3643 1187 3708; baseline 0 -14"><span class='ocrx_word' id='word_1_251' title='bbox 232 3650 257 3694; x_wconf 90' lang='lat' dir='ltr'><strong>et</strong></span> <span class='ocrx_word' id='word_1_252' title='bbox 269 3644 300 3695; x_wconf 80' lang='lat' dir='ltr'><strong>O.</strong></span> <span class='ocrx_word' id='word_1_253' title='bbox 313 3645 454 3696; x_wconf 86' lang='lat' dir='ltr'><strong>Antonius.</strong></span> <span class='ocrx_word' id='word_1_254' title='bbox 482 3645 543 3708; x_wconf 81' lang='lat' dir='ltr'><strong>Qua</strong></span> <span class='ocrx_word' id='word_1_255' title='bbox 562 3643 679 3695; x_wconf 81' lang='lat' dir='ltr'><strong>Catilina</strong></span> <span class='ocrx_word' id='word_1_256' title='bbox 697 3644 806 3708; x_wconf 86' lang='lat' dir='ltr'><strong>repulsa</strong></span> <span class='ocrx_word' id='word_1_257' title='bbox 827 3643 895 3694; x_wconf 90' lang='lat' dir='ltr'><strong>adeo</strong></span> <span class='ocrx_word' id='word_1_258' title='bbox 913 3661 967 3694; x_wconf 91' lang='lat' dir='ltr'><strong>non</strong></span> <span class='ocrx_word' id='word_1_259' title='bbox 985 3651 1027 3695; x_wconf 86' lang='lat' dir='ltr'><strong>est</strong></span> <span class='ocrx_word' id='word_1_260' title='bbox 1045 3644 1187 3695; x_wconf 86' lang='lat' dir='ltr'><strong>deterritus</strong></span> 
     </span>
    </p>
   </div>
   <div class='ocr_carea' id='block_1_5' title="bbox 282 3743 1006 3797">
    <p class='ocr_par' dir='ltr' id='par_1_5' title="bbox 282 3743 1006 3797">
     <span class='ocr_line' id='line_1_34' title="bbox 282 3743 1006 3797; baseline -0.008 -12"><span class='ocrx_word' id='word_1_261' title='bbox 282 3743 392 3785; x_wconf 84' lang='lat' dir='ltr'><strong>Clceronis</strong></span> <span class='ocrx_word' id='word_1_262' title='bbox 406 3744 513 3786; x_wconf 81' lang='lat' dir='ltr'><strong>orationes</strong></span> <span class='ocrx_word' id='word_1_263' title='bbox 529 3745 547 3783; x_wconf 89' lang='lat'><strong>1.</strong></span> <span class='ocrx_word' id='word_1_264' title='bbox 994 3746 1006 3797; x_wconf 86' lang='lat'>1</span> 
     </span>
    </p>
   </div>
   <div class='ocr_carea' id='block_1_6' title="bbox 0 0 1414 4425">
    <p class='ocr_par' dir='ltr' id='par_1_6' title="bbox 0 0 1414 4425">
     <span class='ocr_line' id='line_1_35' title="bbox 0 0 1414 4425; baseline 0 0"><span class='ocrx_word' id='word_1_265' title='bbox 0 0 1414 4425; x_wconf 95' lang='lat' dir='ltr'><strong> </strong></span> 
     </span>
    </p>
   </div>
  </div>
 </body>
</html>
