2817 4425
223 432 266 495 64
530 434 568 483 nr
585 431 883 482 ncnrrnnrnnrv

223 629 324 705 atque
348 622 563 705 superaverit,
586 619 779 684 commendo
802 619 897 683 vobis
920 640 1061 703 parvum
1081 640 1192 683 meum

222 722 336 804 filiurn,
365 724 418 786 eui
440 724 589 806 profecto
614 724 695 788 satis
720 724 782 786 erit
805 720 967 805 praesidii
994 742 1061 785 non
1084 720 1192 785 solum

223 822 448 904 adsalutem,
477 846 592 887 verum
616 825 716 887 etiam
739 822 785 886 ad
807 822 1024 904 dignitatem3
1053 823 1081 885 si
1110 825 1191 905 eius,

224 928 280 1010 qui
309 926 392 989 haee
423 927 534 989 omnia
564 946 621 989 suo
651 924 752 989 solius
786 924 935 1008 periculo
969 928 1191 1007 conservarit,

224 1028 317 1093 illum
338 1027 443 1092 filium
466 1049 539 1091 esse
561 1028 790 1090 memineritis.
1198 1054 1213 1096 η

191 1165 217 1205 ‚4
326 1128 536 1213 Quapropter
552 1128 593 1192 de
610 1151 736 1192 summa
761 1128 869 1193 salute
884 1139 998 1193 vestra
1012 1130 1192 1217 populique

223 1234 374 1313 Romani,
398 1231 439 1294 de
455 1232 576 1295 vestris
600 1229 797 1313 coniugibus
827 1253 868 1296 ae
896 1231 1026 1314 liberis,
1057 1232 1098 1296 de
1121 1236 1192 1298 aris

225 1356 266 1400 ae
287 1334 381 1415 focis,
411 1333 451 1397 de
479 1333 567 1397 fanis
591 1342 690 1417 atque
714 1333 862 1417 templis,
893 1334 935 1397 de
963 1336 1067 1399 totius
1096 1336 1190 1401 urbis

224 1438 322 1501 tectis
339 1458 379 1499 ac
396 1434 541 1515 sedibus,
566 1434 607 1499 de
622 1436 760 1519 imperio
776 1456 817 1498 ae
832 1434 1000 1518 libertate,
1024 1436 1065 1500 de
1080 1436 1191 1503 salute

224 1538 354 1620 Italiae,
379 1537 420 1601 de
434 1539 592 1601 universa
609 1537 795 1622 republica
813 1537 982 1602 decernite
999 1538 1224 1623 diligenter,10

225 1650 261 1704 ut
284 1641 488 1721 instituistis,
511 1660 552 1703 ae
574 1639 715 1704 fortiter.
743 1640 888 1704 Habetis
912 1642 1190 1726 euneonsulem,

225 1744 282 1828 qui
297 1752 330 1806 et
344 1764 461 1827 parere
473 1744 595 1806 vestris
608 1741 752 1806 decretis
765 1764 831 1805 non
844 1741 974 1807 dubitet
990 1752 1023 1806 et
1039 1766 1088 1826 ea,
1105 1765 1191 1829 quae

226 1846 421 1926 statueritis,
437 1845 547 1929 quoad
562 1846 663 1926 vivet,
688 1844 865 1908 defendere
888 1854 920 1908 et
942 1867 1001 1930 per
1024 1868 1059 1910 se
1081 1848 1190 1932 ipsum

225 1955 397 2030 praestare
420 1949 536 2032 possit.
