2817 4425
531 436 719 499 onae-11,
738 438 761 503 s.
780 439 889 488 aa-aa.
1155 442 1194 504 15

224 638 370 712 tempore
397 628 586 693 confectum
613 650 687 692 esse
717 630 849 692 senties.
894 628 1039 692 Tantum
1066 630 1227 713 profeciat

223 741 302 811 tum,
331 751 405 793 cum
428 742 461 794 te
484 752 504 793 a
528 730 705 794 consulatu
729 729 873 814 reppuli,
902 739 939 793 ut
963 730 1058 794 exsul
1081 734 1191 815 potius

223 841 385 915 temptare
409 852 507 914 quam
528 830 645 895 consul
659 852 786 894 vexare
799 852 868 894 rem
883 830 1050 915 publicam
1065 853 1193 915 posses,

223 944 322 1018 atque
337 944 374 997 ut
390 933 434 1013 id,
459 933 547 1017 quod
570 942 658 997 esset
682 933 744 996 abs
759 942 793 995 te
810 932 973 997 scelerate
990 947 1191 1017 susceptum,

202 1036 436 1109 ,latrocinium
457 1038 567 1119 potius
592 1057 691 1119 quam
713 1034 837 1099 bellum
857 1037 1095 1099 nominaretur.

323 1138 429 1218 Nunc,
436 1146 473 1199 ut
487 1159 506 1200 a
519 1159 580 1218 me,
588 1146 701 1221 patres
709 1138 901 1219 conscripti,
909 1137 1077 1220 quandam
1088 1159 1190 1221 prope
1203 1148 1233 1203 11

221 1244 345 1305 iustam
366 1242 497 1324 patriae
520 1242 760 1324 querimoniam
785 1239 931 1303 detester
957 1261 998 1303 ac
1023 1240 1190 1325 deprecer,

221 1345 392 1428 percipite,
408 1364 541 1429 quaeso,
567 1342 757 1425 diligenter,
774 1364 858 1426 quae
875 1343 995 1424 dicam,
1019 1352 1051 1406 et
1075 1363 1115 1406 ea
1136 1364 1190 1425 pe-

221 1450 311 1511 nitus
328 1447 447 1509 animis
463 1447 586 1510 vestris
601 1446 833 1529 mentibusque
856 1446 1024 1510 mandate.
1057 1445 1191 1508 Etenim

191 1552 251 1619 rosi
278 1571 406 1613 mecum
434 1550 560 1634 patria,
596 1569 681 1632 quae
708 1547 789 1610 mihi
812 1549 883 1611 vita
910 1570 984 1611 mea
1006 1548 1110 1611 multo
1140 1558 1191 1611 est

222 1654 345 1733 carior,
376 1652 405 1715 si
428 1660 550 1714 cuncta
573 1649 690 1729 Italia,
720 1652 748 1712 si
772 1652 877 1713 omnis
906 1672 960 1713 res
983 1650 1120 1734 publica
1143 1653 1191 1713 sic

220 1756 391 1841 loquatur:
428 1752 479 1816 ‘M.
501 1752 601 1834 Tulli,
624 1752 705 1837 quid
729 1752 826 1834 agis?
861 1752 955 1816 Tune
978 1775 1068 1834 cum,
1096 1776 1192 1838 quem

221 1880 294 1921 esse
309 1857 439 1920 hostem
457 1857 658 1939 comperisti,
683 1876 778 1939 quem
803 1855 921 1919 ducem
942 1854 1023 1918 belli
1045 1856 1192 1920 futurum

220 1959 326 2039 vides,
351 1980 447 2042 quem
471 1960 661 2042 exspectari
674 1960 909 2041 imperatorem
932 1960 966 2021 in
989 1960 1111 2022 castris
1134 1959 1191 2022 ho-

187 2062 320 2128 nstium
346 2060 459 2141 sentis,
484 2069 653 2123 auctorem
669 2060 816 2141 sceleris,
839 2062 1024 2144 principem
1039 2064 1191 2124 coniura-

191 2217 192 2221 ,
220 2164 332 2244 tionis,
356 2170 567 2227 evocatorem
583 2184 754 2227 servorum
778 2172 811 2226 et
833 2164 956 2227 civium
977 2163 1191 2248 perditorum,

220 2266 313 2329 exire
335 2267 473 2349 patiere,
496 2274 533 2328 ut
557 2263 618 2329 aba
641 2275 675 2336 te
697 2282 764 2328 non
789 2267 928 2329 emissus
952 2288 994 2328 cx
1016 2267 1107 2347 urbe,
1133 2268 1192 2330 sed

219 2370 386 2432 immissus
410 2369 443 2430 in
467 2367 583 2431 urbem
607 2389 679 2431 esse
695 2366 875 2431 videatur?
906 2368 1024 2431 Nonne
1046 2369 1132 2432 hunc
1157 2373 1191 2431 in

219 2470 355 2534 vincula
386 2469 477 2550 duci,
509 2491 576 2532 non
606 2469 650 2532 ad
678 2479 817 2532 mortem
846 2471 934 2553 rapi,
968 2493 1034 2533 non
1066 2493 1190 2535 summo

187 2572 385 2657 aosupplicio
408 2573 551 2636 mactari
574 2571 781 2656 imperabis?
803 2570 894 2649 Quid
916 2572 1052 2636 tandem
1074 2583 1109 2636 te
1132 2576 1226 2636 im-ae

219 2673 335 2760 pedit?
363 2673 480 2737 Mosne
492 2672 677 2737 maiorum?
705 2672 751 2736 At
766 2695 926 2757 persaepe
943 2677 1044 2738 etiam
1066 2678 1189 2758 privati

217 2780 253 2840 in
269 2777 332 2842 hac
349 2776 535 2862 republica
551 2778 756 2861 perniciosos
770 2778 860 2839 cives
877 2787 982 2840 morte
997 2778 1190 2843 multarunt.

220 2879 275 2942 An
301 2879 411 2962 leges,
446 2866 531 2963 quae
563 2879 603 2941 de
632 2879 755 2941 civium
778 2879 1000 2942 Romanorum
1030 2881 1190 2965 supplicio

220 2989 362 3063 rogatae
385 2981 485 3044 sunt?
512 2981 558 3045 At
581 3002 751 3064 nunquam
775 2982 808 3043 in
831 2981 895 3043 hac
917 2981 1009 3062 urbe,
1034 2985 1089 3066 qui
1112 3006 1133 3046 a
1156 3008 1191 3047 re

186 3082 356 3167 apublica
369 3082 716 3164 defeceruntfcivium
735 3085 809 3144 iura
826 3092 1012 3146 tenuerunt.
1037 3084 1090 3147 An
1107 3087 1189 3148 invi-

222 3186 312 3248 diam
333 3186 542 3269 posteritatis
566 3184 688 3247 times?
731 3183 946 3247 Praeclaram
967 3207 1046 3248 vero
1069 3187 1189 3270 populo

220 3288 369 3352 Romano
392 3286 496 3350 refers
521 3288 676 3368 gratiam,
693 3289 749 3370 qui
773 3297 815 3365 te,
838 3287 1002 3350 hominem
1018 3311 1076 3372 per
1088 3300 1121 3354 te
1137 3313 1189 3353 co-

221 3391 363 3472 gnitum,
379 3387 472 3452 nulla
488 3387 776 3452 commendatione
792 3391 965 3471 maiorum,
980 3401 1049 3454 tam
1061 3402 1191 3456 mature

221 3491 266 3554 ad
289 3513 451 3556 summum
473 3492 648 3576 imperium
670 3513 730 3575 per
753 3514 865 3556 omnes
888 3493 1049 3557 honorum
1065 3496 1189 3576 gradus

188 3593 353 3677 wextulit,
388 3597 417 3659 si
449 3604 585 3680 propter
618 3594 767 3659 invidiae
796 3604 854 3659 aut
882 3595 1023 3660 alicuius
1052 3598 1191 3682 periculi

221 3707 344 3761 metum
361 3697 502 3763 salutem
517 3699 640 3762 civium
657 3707 789 3762 tuorum
806 3698 967 3781 neglegis.
992 3697 1058 3763 Sed
1074 3701 1102 3764 si
1119 3703 1224 3784 quise
