2817 4425
537 443 614 493 cap.
633 446 708 503 r-s,
726 444 751 509 §-
772 446 879 493 ιιι-ιε.
1147 440 1186 503 27

224 634 310 716 quia,
328 630 416 715 quod
432 652 560 716 semper
574 629 675 712 volui,
690 652 802 694 murus
819 632 968 711 interest,
991 651 1057 694 non
1072 631 1188 707 timeo3
1239 687 1241 690 .

225 733 264 798 de
288 734 349 810 his,
374 734 429 817 qui
453 733 676 813 dissimulant,
700 734 757 818 qui
779 733 903 797 Romae
925 740 1109 812 remanent,
1132 731 1189 816 qui

222 835 394 899 nobiscum
419 844 506 916 sunt,
528 834 611 898 nihil
636 835 800 899 dicimus?
845 833 936 913 Quos
960 834 1093 919 quidem
1116 853 1188 915 ego,

223 940 251 1001 si
281 936 349 1001 ullo
372 936 469 1000 modo
492 936 564 1000 fieri
587 938 707 1020 possit,
736 959 802 1001 non
831 946 900 1001 tam
929 936 1047 1002 ulcisci
1071 936 1189 1000 studeo

202 1060 321 1123 ,quam
338 1061 458 1102 sanare
474 1039 538 1103 sibi
555 1040 656 1123 ipsos,
672 1038 808 1123 placare
823 1041 872 1103 rei
890 1039 1056 1123 publicae,
1071 1059 1187 1121 neque,

223 1140 257 1204 id
281 1162 382 1224 quare
404 1141 475 1204 fieri
499 1162 565 1204 non
588 1143 703 1226 possit,
729 1143 757 1205 si
780 1164 832 1205 me
855 1141 972 1206 audire
991 1140 1116 1221 volent,
1139 1140 1186 1203 in·

222 1242 356 1324 tellego.
389 1242 564 1327 Exponam
584 1246 671 1308 enim
692 1243 799 1324 vobis,
824 1243 981 1325 Quirites,
1005 1241 1188 1326 exquibus

223 1342 399 1425 generibus
411 1344 579 1409 hominum
590 1348 1054 1431 istaecopiaecomparentur3
1068 1342 1188 1411 deinde

224 1445 364 1527 singulis
380 1446 582 1511 medicinam
597 1447 730 1511 consilii
746 1457 846 1532 atque
862 1449 1021 1512 orationis
1040 1469 1143 1528 meae,
1159 1447 1188 1509 si

193 1568 320 1631 mquam
343 1559 467 1632 potero,
491 1549 651 1614 adferam.

323 1651 432 1715 Unum
441 1672 545 1733 genus
554 1662 734 1733 esteorum,
742 1656 797 1737 qui
810 1674 932 1735 magno
945 1655 979 1716 in
992 1674 1069 1715 aere
1077 1650 1186 1715 alieno
1197 1675 1222 1716 rs

221 1754 362 1834 maiores
387 1757 488 1817 etiam
509 1757 738 1838 possessiones
755 1754 891 1837 habent,
914 1776 1053 1839 quarum
1075 1775 1187 1817 amore

223 1854 359 1917 adducti
384 1855 523 1919 dissolvi
550 1856 643 1920 nullo
666 1856 763 1921 modo
786 1867 936 1942 possunt.
981 1858 1108 1920 Horum
1130 1856 1186 1921 ho·

221 1959 344 2020 minum
363 1958 490 2040 species
515 1967 565 2021 est
587 1959 876 2022 honestissima-
889 1970 966 2023 sunt
989 1961 1075 2021 enim
1098 1958 1186 2022 locu·

190 2058 327 2141 15pletes
354 2094 402 2139 -,
425 2060 579 2124 voluntas
602 2082 680 2125 vero
705 2072 738 2124 et
762 2083 864 2126 causa
887 2060 1186 2145 impudentissima.

222 2159 272 2223 Tu
295 2163 401 2244 agris,
426 2170 462 2226 tu
485 2162 664 2245 aedificiis,
688 2174 726 2229 tu
749 2174 905 2247 argento,
927 2172 965 2227 tu
987 2162 1126 2243 familia,
1150 2172 1185 2228 to

221 2263 319 2327 rebus
344 2265 495 2328 omnibus
519 2278 656 2330 ornatus
686 2278 719 2331 et
749 2269 903 2350 copiosus
928 2268 974 2329 sis
998 2276 1031 2330 et
1054 2265 1185 2329 dubites

222 2365 262 2428 de
277 2370 488 2450 possessione
502 2369 685 2450 detrahere,
703 2370 880 2453 adquirere
894 2369 938 2433 ad
953 2368 1075 2432 fidem?
1097 2368 1187 2449 Quid

220 2471 307 2532 enim
323 2471 523 2555 exspectas?
545 2471 691 2536 bellum?
721 2472 810 2552 Quid
826 2471 929 2554 ergo?
945 2473 979 2535 in
994 2473 1186 2536 vastatione

188 2573 365 2645 nomnium
387 2583 462 2637 tuas
479 2576 707 2658 possessiones
724 2577 971 2638 sacrosanctas*
983 2575 1112 2638 suturas
1128 2597 1185 2658 pu·

220 2672 296 2735 tas?
319 2674 371 2737 An
387 2675 664 2740 tabulas'novas?
686 2677 822 2756 Errant,
839 2678 896 2760 qui
907 2678 992 2740 istas
1005 2700 1025 2740 a
1037 2674 1185 2740 Catilina

171 2842 172 2845 ,
220 2786 433 2858 exspectant3
445 2800 517 2841 meo
531 2777 690 2842 beneficio
699 2777 837 2842 tabulae
847 2799 955 2842 novae
967 2779 1185 2862 proferentur,

220 2899 333 2942 verum
362 2882 607 2962 contionariae,
637 2902 744 2965 neque
767 2883 855 2944 enim
877 2882 950 2961 isti,
980 2883 1034 2963 qui
1057 2902 1185 2964 posses·

221 2982 330 3042 siones
346 2981 479 3064 habent,
508 2983 575 3046 alia
598 2985 730 3046 ratione
751 2982 821 3046 ulla
845 2983 931 3045 salvi
948 3004 1021 3046 esse
1036 2991 1184 3065 possunt.

187 3108 211 3147 2⁵
221 3078 319 3159 Quod
341 3083 370 3144 si
392 3090 553 3151 maturius
568 3087 679 3149 facere
694 3084 879 3148 voluissent
902 3106 1018 3169 neque,
1041 3084 1077 3148 id
1099 3084 1185 3168 quod

221 3189 453 3253 stultissimum
470 3198 530 3270 est,
546 3197 678 3252 certare
695 3209 770 3251 cum
786 3187 896 3250 usuris
912 3186 1076 3250 fructibus
1091 3209 1185 3272 prae·

221 3293 358 3370 diorum,
383 3301 415 3356 et
438 3289 710 3374 locupletioribus
726 3289 777 3352 his
795 3300 828 3352 et
842 3287 1034 3352 melioribus
1055 3289 1185 3353 civibus

218 3406 394 3462 uteremur.
441 3392 507 3457 Sed
529 3393 629 3456 hosce
652 3392 801 3457 homines
824 3393 959 3456 minime
981 3403 1061 3476 puto
1084 3395 1182 3476 perti·

167 3545 176 3556 s
219 3497 426 3575 mescendos,
458 3494 546 3579 quod
569 3504 626 3558 aut
650 3493 770 3558 deduci
794 3493 835 3557 de
859 3495 1024 3557 sententia
1047 3503 1185 3578 possunt

149 3587 150 3592 ¹
187 3611 287 3682 aaut,
313 3602 340 3663 si
357 3596 607 3684 permanebunt,
631 3598 739 3678 magis
755 3595 835 3659 mihi
851 3595 1008 3659 videntur
1023 3606 1103 3660 vota
1118 3596 1185 3661 iac·

220 3704 286 3765 turi
309 3710 427 3765 contra
450 3721 519 3762 rem
542 3697 711 3782 publicam
734 3720 832 3782 quam
854 3720 948 3761 arma
972 3697 1083 3762 laturi.
