2817 4425
469 473 471 477 ⁸
565 407 887 475 omasus-10.
1152 408 1196 475 55

227 597 315 684 quod
338 597 456 663 salutis
480 601 624 663 omnium
647 620 751 662 causa
775 599 973 680 statueritis,
994 619 1061 661 non
1076 607 1194 681 putent

228 723 301 765 esse
334 723 414 765 suae
444 700 621 783 dignitatis
649 722 816 765 recusare.
860 699 1024 782 Adiungit
1057 721 1194 783 gravem

225 825 367 888 poenam
388 805 588 887 municipiis,
612 804 641 867 si
663 805 737 888 quis
761 825 873 867 eorum
895 801 1030 867 vincula
1052 804 1195 887 ruperit;

226 904 403 969 horribiles
435 905 606 969 custodias
635 905 822 970 circumdat
851 914 884 969 et
913 903 1034 987 dignas
1068 904 1194 969 scelere

204 1008 392 1071 shominum
404 1007 619 1092 perditorum.
636 1005 765 1088 Sancit,
777 1030 819 1071 nc
831 1008 905 1092 quis
918 1028 1029 1070 eorum
1040 1026 1194 1091 poenam,

226 1130 307 1193 quos
323 1109 535 1192 condemnat,
558 1120 616 1173 aut
631 1131 690 1193 per
708 1119 860 1174 senatum
882 1118 941 1173 aut
956 1131 1016 1194 per
1036 1108 1194 1192 populum

225 1210 337 1274 levare
352 1214 469 1296 possit,
492 1213 590 1296 eripit
607 1215 709 1275 etiam
725 1234 825 1296 spem,
849 1233 934 1295 quae
950 1210 1022 1275 sola
1044 1209 1193 1273 homines

225 1313 260 1375 in
275 1314 418 1376 miseriis
433 1313 599 1377 consolari
616 1313 717 1389 solet3
732 1313 821 1377 bona
835 1322 1011 1397 praeterea
1026 1311 1193 1395 publicari

224 1414 330 1498 iubet3
363 1418 469 1480 vitam
497 1414 602 1479 solam
630 1414 789 1499 relinquit
821 1415 959 1478 nefariis
987 1413 1193 1495 hominibus3

190 1540 322 1602 roquam
345 1520 374 1581 si
397 1520 582 1602 eripuisset,
605 1516 727 1580 multos
743 1539 810 1581 una
828 1516 958 1581 dolores
975 1518 1077 1582 animi
1093 1526 1194 1601 atque

223 1622 370 1704 corporis
384 1630 416 1684 ct
430 1642 542 1684 omnes
556 1618 719 1708 scelerum
730 1641 856 1702 poenas
868 1619 1059 1684 ademisset.
1074 1621 1194 1703 Itaque

223 1734 259 1786 ut
282 1722 395 1806 aliqua
418 1725 452 1785 in
467 1724 540 1785 vita
556 1720 697 1784 formido
715 1720 874 1805 improbis
898 1730 987 1785 esset
1010 1724 1192 1806 proposita,

223 1823 313 1907 apud
340 1824 464 1886 inferos
494 1821 676 1885 eiusmodi
700 1822 864 1906 quaedam
891 1821 942 1885 illi
965 1824 1095 1909 antiqui
1118 1846 1193 1907 sup·

222 1925 325 2007 plicia
347 1926 457 2008 impiis
480 1925 667 1987 constituta
690 1945 765 1988 esse
780 1922 968 2005 voluerunt,
991 1925 1080 2006 quod
1101 1925 1193 1989 vide-

189 2026 299 2090 rolicet
312 2025 563 2108 intellegebant,
575 2026 617 2089 iis
626 2027 761 2089 remotis
770 2047 836 2088 non
850 2048 923 2090 esse
934 2036 1073 2092 mortem
1084 2029 1193 2112 ipsam

221 2127 530 2214 pertimescendam.

321 2231 428 2313 Nunc,
450 2242 563 2317 patres
587 2233 780 2316 conscripti,
810 2253 871 2314 ego
894 2254 969 2296 mea
990 2232 1089 2296 video
1113 2232 1239 2316 quid⁵⁹

221 2337 364 2400 intersit.
410 2333 445 2399 si
474 2336 567 2399 eritis
598 2336 705 2398 secuti
734 2336 936 2398 sententiam
964 2331 1001 2398 O.
1024 2332 1192 2414 Caesaris,

221 2439 376 2522 quoniam
403 2436 490 2501 hanc
520 2439 548 2500 is
579 2438 672 2500 inre
694 2435 830 2521 publica
853 2438 953 2517 viam,
982 2458 1068 2521 quac
1090 2457 1191 2521 popu·

186 2539 300 2604 alaris
317 2539 470 2621 habetur,
493 2549 627 2604 secutus
645 2548 706 2621 est,
722 2539 867 2603 fortasse
882 2540 991 2602 minus
1009 2548 1105 2603 erunt
1127 2537 1191 2602 hoc

219 2651 356 2706 auctore
379 2651 412 2706 et
434 2643 608 2724 cognitore
622 2639 761 2705 huiusce
778 2641 965 2724 sententiae
986 2640 1067 2705 mihi
1089 2662 1192 2725 popu·

219 2743 307 2809 lares
316 2743 741 2828 impetuspertimescendi3
755 2744 806 2806 sin
815 2742 908 2807 illam
918 2743 1191 2824 alteram,nescio

219 2870 263 2911 an
286 2847 427 2931 amplius
455 2846 536 2910 mihi
558 2847 687 2929 negotii
711 2845 940 2909 contrahatur.
985 2843 1052 2908 Sed
1078 2854 1192 2908 tamen

218 2971 365 3013 meorum
387 2947 611 3033 periculorum
633 2950 782 3013 rationes
807 2947 935 3011 utilitas
958 2949 1008 3010 rei
1035 2945 1192 3031 publicae

186 3052 343 3114 revincat.
377 3049 547 3114 Habemus
571 3052 658 3114 enim
681 3072 701 3113 a
725 3047 880 3129 Caesare,
905 3049 991 3111 sicut
1015 3049 1119 3132 ipsius
1143 3048 1192 3113 di·

220 3154 334 3234 gnitas
358 3162 391 3214 ct
412 3153 575 3215 maiorum
592 3153 662 3214 eius
679 3149 864 3234 amplitudo
887 3149 1094 3235 postulabat,
1118 3173 1192 3214 scn-

218 3254 361 3318 tentiam
372 3261 542 3336 tamquam
551 3251 701 3315 obsidem
707 3261 888 3337 perpetuae
900 3253 935 3316 in
942 3274 1011 3316 rem
1023 3251 1192 3336 publicam

218 3356 415 3421 voluntatis.
428 3353 641 3418 Intellectum
654 3363 716 3435 est,
731 3354 811 3438 quid
823 3356 1001 3418 interesset
1014 3356 1102 3418 inter
1111 3353 1191 3418 levi-

219 3470 322 3525 tatem
345 3458 613 3522 contionatorum
646 3465 680 3521 ct
713 3459 859 3521 animum
880 3479 959 3521 verc
987 3456 1190 3541 popularem,

187 3561 322 3626 osaluti
343 3558 456 3646 populi
479 3557 719 3622 consulentem.
763 3557 871 3622 Video
896 3557 937 3623 de
959 3559 1045 3639 istis,
1076 3559 1132 3643 qui
1155 3577 1225 3622 so1o

219 3662 395 3748 populares
417 3661 535 3726 haberi
558 3660 691 3743 volunt,
715 3660 835 3725 abesse
856 3682 923 3725 non
945 3662 1127 3743 nominem,
1149 3684 1190 3726 ne
