2817 4425
256 401 297 466 42
450 386 451 389 ’
559 375 597 453 ui
614 403 645 452 1..
664 400 864 452 csrmmsu
881 399 923 450 111

256 599 391 656 servata
403 591 605 676 reliquorum
615 602 742 656 mentes
758 591 871 655 sanari
882 571 1243 674 possearbitraretur.]

254 694 363 778 Atque
387 695 487 758 etiam
511 692 709 778 supplicatio
733 691 784 757 dis
806 688 1049 756 immortalibus
1071 711 1130 775 pro
1154 693 1221 754 sin·

254 794 363 877 gulari
386 816 499 860 eorum
519 798 637 859 merito
659 817 732 859 meo
748 796 881 859 nomine
898 793 1032 858 decreta
1048 802 1109 875 est,
1132 792 1222 879 quod

252 894 333 961 mihi
365 898 507 982 primum
539 908 616 983 post
642 898 730 962 hanc
760 897 875 961 urbem
903 895 1075 961 conditam
1102 906 1219 978 togato

253 1002 410 1083 contigit,
442 1009 475 1065 et
505 998 564 1064 his
582 1000 718 1065 decreta
740 999 853 1064 verbis
883 1010 949 1081 est,
973 995 1077 1084 ‘quod
1104 998 1244 1064 urbems

253 1103 434 1185 incendiis,
464 1101 569 1167 caede
597 1105 704 1184 cives,
732 1101 869 1166 Italiam
890 1099 980 1165 bello
1003 1099 1220 1166 liberassem'.

253 1203 347 1282 Quae
376 1204 578 1290 supplicatio
608 1205 636 1268 si
664 1226 740 1270 cum
769 1206 890 1269 ceteris
918 1202 1220 1289 supplicationibus
1243 1190 1305 1207 *⁵

252 1307 451 1388 conferatur,
474 1306 537 1370 hoc
561 1308 712 1388 interest,
737 1306 825 1392 quod
847 1315 980 1370 ceterae
1002 1305 1088 1370 bene
1111 1295 1220 1389 gesta,

252 1410 334 1472 haec
368 1431 435 1473 una
468 1420 668 1473 conservata
702 1431 739 1473 re
768 1407 904 1494 publica
938 1409 1123 1472 constituta
1157 1417 1219 1471 est.

252 1511 361 1594 Atque
383 1509 478 1592 illud,
502 1509 591 1595 quod
612 1510 803 1574 faciendum
825 1513 967 1595 primum
992 1510 1065 1589 fuit,
1093 1510 1255 1574 factumn

254 1623 353 1698 atque
368 1621 578 1677 transactum
594 1621 655 1676 est.
682 1612 767 1677 Nam
782 1612 818 1676 P.
830 1611 1004 1694 Lentulus,
1021 1633 1220 1696 quamquam

252 1715 430 1800 patefactis
454 1714 600 1796 indiciis,
624 1714 891 1779 confessionibus
916 1716 997 1796 suis,
1020 1713 1145 1777 iudicio
1169 1737 1220 1777 se·

252 1828 350 1882 natus
363 1839 429 1881 non
442 1816 538 1880 modo
549 1818 715 1900 praetoris
728 1817 790 1897 ius,
803 1838 917 1880 verum
929 1819 1030 1880 etiam
1040 1817 1126 1880 civis
1139 1818 1219 1880 ami·

253 1927 353 1998 serat,
366 1929 478 1982 tamen
490 1918 694 1998 magistratu
706 1939 742 1980 se
754 1917 937 1999 abdicavit,
950 1929 996 1999 ut,
1010 1918 1219 2002 quaereligio

252 2019 287 2086 O.
310 2020 429 2101 Mario,
457 2019 644 2083 clarissimo
667 2021 751 2100 viro,
780 2041 847 2083 non
869 2020 989 2100 fuerat,
1018 2041 1081 2104 quo
1110 2021 1255 2083 minusue

251 2123 287 2188 O.
312 2121 504 2202 Glauciam,
535 2121 576 2185 de
599 2143 662 2207 quo
686 2120 770 2185 nihil
791 2123 989 2185 nominatim
1012 2132 1084 2186 erat
1107 2120 1218 2186 decre-

251 2240 329 2307 tum,
345 2235 532 2311 praetorem
545 2224 724 2306 occideret,
740 2245 780 2287 ea
791 2246 852 2288 nos
865 2223 1027 2306 religione
1040 2227 1074 2287 in
1085 2225 1218 2309 privato

250 2329 285 2393 P.
307 2327 453 2392 Lentulo
475 2326 643 2412 puniendo
667 2327 896 2391 liberaremur.

190 2438 240 2489 716
351 2430 447 2493 Nunc
459 2431 623 2514 quoniam,
633 2428 791 2510 Quirites,
804 2429 1119 2495 consceleratissimi
1133 2432 1219 2515 peri·

250 2530 515 2614 culosissimique
543 2530 624 2594 belli
651 2531 797 2594 nefarios
827 2531 928 2596 duces
951 2542 1067 2616 captos
1097 2535 1163 2597 iam
1187 2542 1253 2595 etro

249 2632 504 2718 comprehensos
518 2635 652 2715 tenetis,
669 2636 864 2697 existimare
878 2633 1018 2715 debetis,
1030 2656 1142 2697 omnes
1156 2632 1218 2696 Ca-

249 2734 368 2800 tilinae
390 2738 515 2821 copias,
540 2758 652 2801 omnes
677 2757 752 2821 spes
776 2748 877 2821 atque
901 2759 978 2820 opes
1001 2736 1053 2800 his
1071 2736 1218 2820 depulsis

250 2838 341 2903 urbis
356 2838 512 2922 periculis
530 2838 729 2903 concidisse.
766 2836 872 2916 Quem
896 2838 1029 2922 quidem
1057 2859 1117 2921 ego
1144 2860 1217 2903 cum

251 2964 292 3005 ex
313 2940 394 3006 urbe
409 2940 583 3025 pellebam,
607 2940 668 3005 hoc
689 2939 908 3025 providebam
923 2941 1043 3020 animo,
1061 2938 1218 3023 Quirites,

249 3053 375 3107 remoto
399 3041 547 3107 Catilina
570 3064 636 3107 non
658 3042 738 3106 mihi
763 3063 835 3106 esse
857 3043 893 3106 P.
908 3042 1045 3107 Lentuli
1069 3064 1251 3108 somnumss

249 3166 310 3209 nec
326 3144 365 3207 L.
380 3143 478 3209 Cassi
501 3145 617 3229 adipes
641 3166 702 3209 nec
720 3143 757 3208 C.
777 3143 918 3228 Cethegi
941 3147 1099 3211 furiosam
1118 3158 1215 3212 teme·

251 3251 384 3311 ritatem
394 3246 703 3331 pertimescendam.
726 3246 789 3312 Ille
802 3257 875 3311 erat
890 3270 975 3311 unus
992 3248 1159 3313 timendus
1175 3270 1217 3311 ex

252 3352 324 3414 istis
348 3349 516 3431 omnibus,
547 3349 607 3414 sed
628 3358 699 3412 tam
724 3349 795 3432 diu,
826 3349 902 3414 dum
930 3351 1022 3414 urbis
1045 3349 1215 3415 moenibus

250 3451 494 3515 continebatur.
518 3450 640 3517 Omnia
657 3461 766 3533 norat,
783 3455 926 3516 omnium
939 3453 1051 3516 aditus
1063 3450 1216 3534 tenebat3

250 3552 611 3638 appellare,temptare,
627 3554 810 3619 sollicitare
821 3565 962 3639 poterat,
971 3553 1133 3636 audebat,
1146 3564 1251 3619 erato

250 3658 280 3718 ei
296 3655 474 3719 consilium
489 3655 535 3720 ad
550 3657 680 3720 facinus
694 3667 819 3741 aptum,
835 3656 974 3721 consilio
988 3668 1100 3720 autem
1111 3679 1216 3743 neque
