2817 4425
557 437 632 488 car.
652 440 728 498 1-s,
746 438 771 503 ς.
789 440 864 487 s-s.
1152 442 1192 505 37

223 628 277 693 Illi
293 640 414 711 autem,
437 631 493 714 qui
509 629 621 692 omnia
638 627 678 691 de
698 649 735 691 re
751 625 887 711 publiea
902 628 1077 711 praeclara
1093 639 1193 714 atque

224 733 359 815 egregia
372 733 545 811 sentirent,
562 731 633 793 sine
645 730 856 793 recusatione
871 750 911 793 ac
928 731 1000 794 sine
1015 729 1085 794 ulla
1100 754 1193 795 mora

222 834 393 916 negotium
416 842 634 916 susceperunt
655 840 697 912 et,
722 852 797 895 cum
812 830 1117 916 advesperasceret,
1141 855 1193 897 oc·
1220 853 1222 858 ⁴

223 935 312 999 culte
327 935 372 999 ad
388 944 522 1020 pontem
536 932 699 997 Mulvium
720 945 944 1017 pervenerunt
966 946 1068 1018 atque
1090 934 1138 999 ibi
1159 938 1195 999 in

202 1038 383 1121 sproximis
399 1035 490 1099 villis
506 1037 554 1099 ita
569 1034 728 1120 bipertito
744 1035 888 1117 fuerunt,
911 1044 949 1098 ut
960 1034 1092 1101 Tiberis
1108 1038 1196 1102 inter

224 1160 280 1203 eos
304 1149 337 1203 et
358 1159 441 1223 pons
464 1140 653 1203 interesset.
688 1136 817 1201 Eodem
839 1146 951 1202 autem
973 1148 1007 1202 et
1028 1140 1094 1221 ipsi
1123 1140 1194 1202 sine

223 1241 419 1323 cuiusquam
431 1240 621 1323 suspicione
637 1237 761 1303 multos
777 1238 880 1303 fortes
892 1240 983 1303 viros
996 1238 1193 1322 eduxerant,

224 1350 257 1405 et
280 1360 341 1424 ego
365 1364 407 1405 ex
428 1340 642 1425 praefectura
663 1340 809 1405 Reatina
832 1340 1019 1426 complures
1044 1341 1192 1407 delectos
1252 1370 1258 1380 ⁴

224 1443 473 1525 adulescentes,
508 1465 647 1528 quorum
676 1465 780 1528 opera
805 1452 883 1507 utor
911 1443 1053 1508 adsidue
1072 1446 1116 1537 ‘in
1144 1447 1192 1508 rei

190 1544 376 1631 republicae
399 1545 585 1630 praesidio,
608 1566 684 1609 cum
706 1544 832 1629 gladiis
854 1547 1021 1609 miseram.
1054 1546 1213 1623 Interimfl

223 1650 324 1713 tertia
339 1648 408 1712 fere
423 1647 543 1730 vigilia
560 1656 692 1728 exacta,
710 1668 785 1712 cum
802 1649 869 1712 iam
884 1658 1020 1732 pontem
1031 1647 1192 1712 Mulvium

221 1770 343 1833 magno
351 1751 513 1813 comitatu
526 1749 631 1831 legati
640 1747 859 1833 Allobrogum
871 1750 1003 1833 ingredi
1010 1751 1193 1835 inciperent

221 1875 354 1937 unaque
375 1852 586 1933 Volturcius,
613 1852 652 1918 fit
674 1854 709 1915 in
733 1874 790 1917 eos
818 1854 977 1938 impetus3
1007 1853 1193 1918 educuntur

223 1966 255 2020 et
278 1955 322 2021 ab
345 1955 413 2020 illis
437 1954 544 2037 gladii
560 1965 594 2020 et
609 1976 631 2019 a
647 1955 786 2022 nostris.
807 1956 874 2019 Res
889 1955 1101 2039 praetoribus
1119 1968 1193 2020 erat

190 2056 419 2139 unctasolis,
441 2058 663 2139 ignorabatur
685 2080 705 2122 a
729 2059 861 2146 ceteris.
895 2057 980 2121 Tum
1003 2059 1215 2130 interventus

221 2159 388 2245 Pomptini
411 2168 512 2245 atque
525 2158 644 2225 Flacci
666 2180 791 2245 pugna,
815 2181 900 2244 quae
916 2168 990 2224 erat
1005 2161 1191 2241 commissa,

223 2261 368 2327 sedatur.
392 2262 556 2346 Litterae,
571 2284 798 2348 quaecumque
811 2273 908 2327 erant
922 2264 957 2326 in
972 2284 1010 2326 eo
1022 2264 1193 2344 comitatu,

221 2365 363 2448 integris
397 2365 504 2448 signis
538 2364 750 2451 praetoribus
784 2363 982 2446 traduntur,
1014 2365 1078 2449 ipsi
1106 2386 1193 2428 eom·

221 2466 376 2551 prehensi
394 2467 439 2532 ad
456 2489 519 2548 me,
543 2487 619 2530 cum
636 2468 703 2530 iam
723 2465 954 2552 dilucesceret,
975 2465 1193 2532 deducuntur.

188 2568 332 2652 soAtquc
350 2568 467 2632 horum
484 2571 628 2634 omnium
645 2567 808 2633 scelerum
822 2568 1103 2650 improbissimum
1124 2591 1193 2634 ma·

222 2670 428 2734 chinatorem
446 2669 617 2735 Cimbrum
628 2669 811 2737 Gabinium
823 2673 938 2735 statim
949 2668 993 2734 ad
1011 2693 1073 2754 me,
1096 2671 1192 2735 nihil·
1217 2732 1219 2735 .

224 2772 301 2836 dum
327 2773 563 2857 suspicantem,
585 2775 716 2837 vocavi.
752 2772 885 2837 Deinde
906 2775 986 2837 item
1008 2776 1191 2838 accersitus

223 2883 274 2937 est
288 2873 329 2937 L.
342 2872 498 2938 Statilius
514 2884 547 2938 et
562 2885 638 2959 post
654 2896 729 2940 eum
745 2872 782 2938 O.
795 2872 980 2957 Cethegus,
1002 2875 1191 2940 tardissimo

223 2985 334 3040 autem
344 2975 509 3041 Lentulus
521 2979 624 3058 venit,
648 2977 761 3058 credo,
777 2977 866 3063 quod
882 2980 916 3041 in
931 2977 1054 3042 litteris
1071 2977 1191 3042 dandis

189 3099 214 3138 as
222 3086 356 3162 praeter
366 3079 641 3144 consuetudinem
652 3082 806 3164 proxima
817 3089 915 3143 nocte
923 3078 1093 3161 vigilaret.
1109 3076 1209 3143 cums

224 3180 359 3244 summis
371 3188 403 3243 et
413 3179 610 3244 clarissimis
622 3181 720 3246 huius
733 3182 883 3246 civitatis
895 3182 987 3262 viris,
1001 3183 1056 3265 qui
1074 3180 1191 3245 audita

222 3304 258 3346 re
279 3281 469 3366 frequentes
493 3281 538 3346 ad
559 3305 611 3348 me
633 3304 733 3347 mane
756 3292 993 3363 convenerant,
1015 3282 1147 3346 litteras
1170 3306 1190 3346 a

222 3407 274 3449 me
302 3385 393 3469 prius
422 3386 546 3468 aperiri
570 3406 669 3469 quam
691 3384 737 3449 ad
760 3394 913 3449 senatum
937 3384 1098 3448 deferrem
1120 3384 1190 3467 pla·

223 3497 323 3568 ceret,
356 3508 415 3567 ne,
450 3488 479 3550 si
507 3486 590 3550 nihil
613 3496 700 3552 esset
729 3489 916 3568 inventum,
950 3497 1073 3551 temere
1096 3508 1116 3549 a
1138 3508 1190 3550 me

190 3598 337 3654 aotantus
360 3587 523 3654 tumultus
545 3591 688 3654 iniectus
711 3592 843 3654 civitati
865 3589 1049 3668 videretur,
1068 3592 1189 3672 negavi

223 3712 274 3754 me
302 3712 375 3757 esse
397 3691 572 3773 facturum,
603 3703 638 3756 ut
663 3691 704 3755 de
727 3691 875 3777 periculo
898 3691 1033 3776 publico
1056 3712 1122 3754 non
1147 3691 1187 3754 ad
