2817 4425
519 439 595 489 cnr.
616 442 723 502 11-1n‚
741 441 765 506 §-
782 442 891 489 so-ee.
1150 435 1192 498 49

225 629 289 691 erit
315 627 510 709 videndum,
541 627 705 708 Quirites,
739 649 805 712 que
827 626 1024 691 condicione
1051 625 1191 710 posthac

225 751 282 793 eos
298 751 372 793 esse
386 730 508 811 velitis,
532 732 588 815 qui
611 752 646 793 se
667 752 728 815 pro
752 729 860 793 salute
874 739 988 793 vestra
1011 727 1192 792 obtulerint

223 831 373 896 invidiae
400 832 621 917 periculisque
655 832 824 914 omnibus,
856 832 938 894 mihi
966 831 1099 916 quidem
1126 833 1191 915 ipsi

225 933 306 1018 quid
322 943 383 1016 est,
405 934 576 1019 quodiam
597 935 642 998 ad
659 937 750 998 vitae
766 934 910 997 fructum
924 933 1031 1018 possit
1048 932 1191 1016 adquiri,

203 1053 301 1099 scum
321 1038 518 1120 praesertim
545 1057 652 1120 neque
681 1039 717 1100 in
744 1037 869 1100 honore
891 1044 1004 1099 vestro
1026 1056 1134 1119 neque
1157 1037 1190 1097 in

225 1137 335 1220 gloria
357 1139 491 1203 virtutis
514 1141 693 1224 quicquam
715 1138 849 1203 videam
871 1137 989 1220 altius,
1017 1158 1080 1221 quo
1110 1137 1191 1200 mihi

224 1237 330 1303 libeat
353 1240 580 1305 adscendere?
623 1240 713 1305 Illud
734 1240 906 1325 perficiam
927 1239 1087 1323 profecto,
1111 1237 1224 1317 Qui-rs

223 1342 317 1421 rites,
339 1352 376 1406 ut
393 1365 442 1423 ea,
466 1364 551 1427 quae
563 1344 652 1425 gessi
670 1343 705 1406 in
718 1342 903 1423 consulatu,
926 1344 1077 1426 privatus
1093 1351 1191 1406 tuear

224 1451 326 1527 etque
345 1466 467 1527 ornem,
490 1455 537 1526 ut,
560 1446 589 1507 si
612 1465 677 1527 qua
701 1455 752 1507 est
767 1443 897 1507 invidia
913 1445 946 1506 in
958 1443 1190 1508 conservanda

190 1545 406 1632 rorepublice
422 1556 586 1630 suscepta,
610 1545 724 1609 laedat
739 1544 883 1623 invidos,
906 1545 987 1608 mihi
1009 1546 1122 1608 valeat
1146 1548 1190 1609 ad

223 1648 375 1731 gloriam.
418 1647 571 1731 Denique
598 1649 648 1711 ite
670 1669 722 1709 me
744 1648 778 1709 in
801 1645 995 1729 republica
1023 1647 1189 1728 tractab0,

222 1760 261 1815 nt
277 1751 484 1813 meminerim
502 1771 640 1833 semper,
659 1770 744 1832 quae
760 1749 932 1831 gesserim,
951 1769 1138 1836 curemque,
1153 1759 1189 1812 ut

223 1875 264 1918 ee
286 1854 420 1933 virtute,
443 1874 510 1915 non
533 1872 615 1915 casu
638 1860 736 1933 gesta
760 1872 833 1913 esse
847 1849 1036 1913 videantur.

323 1954 403 2036 Vos,
428 1952 587 2033 Quirites,
611 1954 769 2037 quoniam
791 1954 859 2015 iam
876 1963 926 2015 est
948 1975 1026 2033 nox,
1041 1954 1191 2016 venerati

188 2057 334 2123 nIovem
356 2054 458 2137 illum,
481 2054 653 2118 custodem
674 2054 772 2117 huius
795 2053 887 2117 urbis
910 2076 951 2117 ao
973 2063 1131 2137 vestrum,
1155 2056 1189 2117 in

220 2169 335 2224 vestre
362 2167 455 2222 tecta
479 2156 643 2222 discedite
671 2166 703 2221 et
728 2178 785 2236 ea,
815 2177 1015 2241 quamquam
1043 2158 1110 2220 iem
1139 2166 1189 2222 est

218 2260 403 2347 periculum
427 2259 609 2344 depulsum,
632 2268 745 2322 tamen
767 2280 873 2342 aeque
896 2278 936 2322 ac
958 2260 1069 2342 priore
1090 2270 1188 2322 nocte

220 2362 382 2428 custodiis
398 2347 590 2446 vigiliisque
606 2360 786 2424 defendite.
825 2359 866 2424 Id
887 2383 929 2424 ne
951 2360 1047 2425 vobis
1064 2360 1187 2424 diutius

219 2463 410 2530 faciendum
427 2466 486 2544 sit,
508 2474 608 2548 atque
623 2472 660 2527 ut
678 2463 712 2526 in
731 2473 892 2547 perpetua
909 2485 992 2547 pace
1014 2485 1087 2528 esse
1113 2485 1186 2547 pos·

187 2568 305 2648 sositis,
327 2564 519 2650 providebo·

276 3798 382 3841 &serenis
396 3797 501 3840 orstlsnes
514 3798 531 3839 Ῑ.
