2817 4425
196 415 215 464 X
372 417 421 465 DE
440 416 629 468 CICERONIS
648 420 732 468 VITA
750 421 798 469 ET
818 419 985 473 SCRIPTIS.

279 603 322 667 II.
347 605 434 669 Satis
457 610 521 670 iam
545 610 743 670 exercitatus
767 630 796 670 a.
821 608 860 669 81
886 608 976 671 Sulla
1000 608 1158 673 dictatore

196 708 372 770 orationem
405 728 465 788 pro
501 708 646 789 Quinctio
680 721 712 773 et
745 734 829 775 anno
864 722 940 795 post
976 714 1072 791 (anno
1102 710 1156 789 80)

195 810 332 891 primam
366 832 497 874 causam
530 811 696 895 publicam
731 812 813 875 dixit
849 832 907 891 pro
941 812 1011 878 Sea.
1044 811 1159 875 Roscio

195 910 356 989 Ameriae,
381 933 445 997 qua
460 914 615 977 Roscium
637 914 804 998 parricidii
827 925 1014 980 accusatum
1030 917 1159 998 egregie

195 1012 340 1078 defendit
362 1026 394 1078 et
419 1014 519 1078 libero
548 1016 774 1101 intrepidoque
800 1019 906 1080 animo
936 1020 1056 1082 crimen
1078 1018 1160 1081 illud

195 1137 269 1180 cum
296 1118 328 1178 in
358 1116 449 1190 alios,
479 1128 547 1181 tum
574 1121 606 1182 in
631 1117 890 1202 Chrysogonum,
920 1120 1030 1185 Sullae
1058 1121 1158 1183 dicta-

195 1218 273 1282 toris
295 1216 456 1292 libertum,
480 1218 642 1283 hominem
666 1219 729 1284 illis
752 1220 952 1304 temporibus
975 1222 1159 1306 potentissi-

195 1342 291 1401 mum,
325 1323 445 1384 reicere
473 1344 571 1384 ausus
606 1323 720 1397 effecit,
755 1332 791 1387 ut
818 1346 891 1386 reus
926 1323 1159 1389 absolveretur.

195 1421 269 1501 Qua
298 1422 483 1487 defensione
512 1433 635 1489 tantam
666 1425 759 1490 brevi
787 1427 925 1507 gratiam
958 1427 1160 1512 gloriamque

195 1534 364 1589 assecutus
386 1533 445 1607 est,
468 1524 558 1589 nulla
572 1535 608 1588 ut
630 1536 717 1590 esset
739 1548 851 1609 causa,
874 1549 956 1610 quae
979 1528 1159 1611 patrocinio

194 1628 263 1691 eius
291 1648 356 1689 non
385 1626 484 1709 digna
512 1627 683 1692 videretur.
729 1628 769 1695 A.
795 1627 834 1689 79
863 1639 997 1713 propter
1026 1632 1161 1693 nimiam

194 1726 340 1813 corporis
362 1731 579 1813 gracilitatem
601 1731 884 1815 infirmitatemque
906 1731 1053 1809 laterum,
1077 1753 1161 1815 quae

195 1842 287 1895 tanta
302 1835 493 1916 praesertim
509 1833 685 1897 accedente
702 1834 831 1896 dicendi
851 1836 1058 1896 contentione
1073 1836 1160 1897 vitae

195 1934 371 2018 periculum
395 1934 509 1997 afferre
532 1957 630 2019 posse
652 1934 835 2011 videbatur,
858 1933 1024 1998 biennium
1046 1936 1159 1997 iamin

194 2039 302 2100 causis
327 2036 472 2100 dicendis
495 2039 542 2099 ita
564 2046 723 2116 versatuS,
752 2046 789 2099 ut
811 2036 1009 2099 celebratum
1031 2039 1064 2099 in
1087 2037 1158 2100 foro

195 2161 312 2203 nomen
335 2140 403 2202 eius
426 2149 520 2216 esset,
551 2138 756 2203 hortantibus
779 2139 892 2202 amicis
916 2149 947 2203 et
969 2138 1103 2203 medicis
1126 2142 1161 2203 in

196 2242 368 2306 Graeciam
396 2250 429 2305 et
454 2240 567 2304 Asiam
600 2242 828 2325 proficiscendi
859 2243 945 2326 cepit
979 2242 1160 2306 consilium.

197 2343 331 2408 Athenis
348 2367 406 2408 sex
422 2365 549 2407 menses
566 2352 785 2406 commoratus
801 2343 1037 2428 philosophiae,
1062 2365 1160 2427 quam

195 2447 342 2530 aprima
368 2444 591 2510 adulescentia
613 2447 730 2509 mirum
753 2455 908 2530 quantum
938 2445 1160 2523 adamaverat,

193 2557 296 2614 toturn
320 2570 354 2610 se
377 2548 508 2611 dedidit.
554 2547 691 2630 Deinde,
721 2569 795 2611 cum
822 2557 925 2611 totam
953 2548 1021 2611 fere
1045 2549 1159 2612 Asiam

195 2660 399 2734 peragrasset
420 2650 529 2734 ibique
551 2649 717 2714 rhetorum
740 2648 940 2732 principibus
959 2672 1037 2713 usus
1062 2659 1156 2726 esset,

194 2752 342 2816 thdum
355 2775 390 2816 se
406 2751 552 2833 contulit,
570 2752 626 2815 ubi
640 2751 685 2815 ad
696 2750 862 2814 Molonem
873 2751 1045 2831 Rhodium,
1064 2773 1159 2836 quem

195 2857 315 2919 ltomae
330 2857 397 2919 iam
413 2854 568 2934 audierat,
586 2876 620 2917 se
636 2854 824 2937 applicavit,
844 2854 1159 2936 praestantissimum

193 2959 394 3044 eloquentiae
408 2959 608 3040 magistrum.
624 2957 731 3020 Huius
747 2957 905 3039 imprimis
922 2977 1023 3038 opera
1037 2956 1159 3019 factum

192 3069 251 3141 est,
274 3072 320 3140 ut,
344 3061 377 3124 id
400 3059 489 3145 quod
505 3057 618 3123 Cicero
639 3061 710 3142 ipse
733 3059 913 3142 profitetur,
937 3057 1087 3121 iuvenilis
1103 3058 1159 3120 illa

193 3162 321 3229 dicendi
352 3163 527 3246 impunitas
550 3171 582 3224 et
603 3161 735 3224 licentia
758 3163 851 3245 quasi
875 3169 969 3223 extra
991 3162 1080 3242 ripas
1103 3159 1159 3221 dif-

192 3266 295 3330 fluens
318 3267 548 3350 reprimeretur
563 3272 595 3327 et
611 3273 825 3328 coerceretur.
849 3263 987 3327 Romam
1009 3284 1158 3326 reversus

192 3391 221 3430 a.
250 3366 289 3428 77
322 3389 388 3430 non
415 3366 513 3430 modo
545 3367 763 3448 exercitatior,
795 3366 853 3429 sed
879 3388 980 3449 prope
1004 3371 1157 3442 mutatus,

190 3465 256 3534 rem
291 3467 456 3551 publicam
490 3490 662 3553 capessere
695 3471 817 3531 statuit.
862 3468 902 3531 A.
933 3467 973 3529 76
1006 3475 1158 3551 quaestor

191 3572 316 3635 cunctis
354 3571 515 3653 suffragiis
552 3571 657 3633 factus
682 3580 762 3645 est,
800 3591 894 3653 quem
931 3571 1157 3651 magistratum

191 3697 221 3736 a.
259 3671 300 3734 75
336 3673 437 3754 gessit
474 3671 613 3754 Lilybae
671 3681 751 3722 stam
811 3672 839 3718 bi
878 3673 1017 3751 iustitia,
1056 3670 1155 3733 absti-
