2817 4425
546 435 622 485 cnr.
641 435 717 495 a-s‚
735 435 759 501 a
778 434 869 483 s-io.
1152 429 1194 493 23

227 624 337 689 subito
359 646 426 688 non
450 624 556 687 solum
579 646 621 687 ex
644 622 742 704 urbe,
771 644 886 687 verum
915 624 1015 687 etiam
1038 643 1080 685 ex
1102 622 1194 702 agris

226 728 395 809 ingentem
410 747 582 789 numerum
597 726 803 810 perditorum
817 726 986 790 hominum
997 722 1192 806 collegerat!

225 827 328 891 Nemo
350 849 417 891 non
440 826 536 890 modo
560 827 693 908 Romae,
718 828 778 891 sed
797 826 866 889 ullo
889 828 923 889 in
947 825 1069 908 angulo
1092 826 1193 889 totius

225 929 346 993 Italiae
362 951 539 1014 oppressus
555 952 631 994 aere
643 929 754 993 alieno
769 929 843 1011 fuit,
866 950 962 1013 quem
977 950 1044 992 non
1066 926 1111 991 ad
1132 926 1194 991 hoc

204 1030 424 1100 aincredibile
448 1030 584 1095 sceleris
602 1021 725 1095 ¹foedus
749 1030 941 1110 adsciverit.

327 1133 436 1218 Atque
448 1144 484 1198 ut
497 1138 566 1199 eius
580 1134 713 1200 diversa
726 1134 839 1199 studia
852 1136 887 1197 in
900 1132 1053 1197 dissimili
1064 1132 1194 1196 ratione
1203 1141 1241 1191 aa

225 1237 412 1319 perspicere
439 1238 593 1321 possitis,
626 1258 721 1301 nemo
752 1246 803 1300 est
831 1237 865 1299 in
889 1235 967 1299 ludo
991 1233 1193 1318 gladiatorio

224 1338 323 1422 paulo
347 1339 390 1403 ad
413 1338 542 1403 facinus
566 1340 737 1421 audacior,
760 1340 816 1424 qui
832 1359 868 1401 se
882 1359 949 1401 non
965 1338 1117 1402 intimum
1131 1335 1193 1401 Oa·

224 1439 341 1505 tilinae
365 1462 438 1505 esse
460 1441 617 1522 fateatur,
640 1463 736 1505 nemo
759 1442 794 1504 in
818 1462 941 1503 scaena
956 1439 1062 1503 levior
1084 1448 1117 1502 et
1138 1460 1194 1502 ne·

193 1567 216 1607 ιο
226 1542 329 1623 quior,
363 1543 419 1626 qui
453 1565 488 1606 se
522 1563 589 1605 non
618 1542 766 1606 eiusdem
795 1563 896 1626 prope
920 1540 1069 1605 sodalem
1090 1541 1194 1604 fuisse

224 1653 466 1707 commemoret.
500 1643 611 1729 Atque
634 1643 723 1707 idem
735 1653 857 1722 tamen,
874 1653 1062 1727 stuprorum
1078 1652 1111 1706 et
1124 1666 1192 1707 sce-

223 1744 328 1809 lerum
344 1746 587 1808 exercitatione
609 1745 824 1822 adsuefactus
840 1746 964 1828 frigore
987 1746 1130 1810 etfama
1153 1767 1193 1809 ac

223 1849 280 1910 siti
303 1856 335 1910 et
350 1847 476 1930 vigiliis
499 1848 714 1933 perferendis,
736 1843 833 1925 fortis
856 1848 899 1912 ab
923 1851 997 1913 istis
1019 1848 1193 1933 praedica·

224 1948 338 2030 batur,
367 1970 442 2013 cum
466 1949 651 2014 industriae
675 1950 826 2014 subsidia
849 1961 949 2034 atque
970 1953 1192 2015 instrumenta

191 2052 358 2115 uvirtutis
381 2052 416 2113 in
438 2050 578 2115 libidine
601 2051 809 2137 audaciaque
832 2064 1050 2118 consumeret.
1094 2053 1191 2117 Hunc
1203 2066 1226 2105 1⁰

222 2174 301 2217 vero
325 2156 353 2218 si
376 2156 482 2218 secuti
505 2164 600 2220 erunt
613 2158 664 2219 sui
680 2157 828 2238 comites,
851 2158 880 2220 si
896 2178 938 2220 ex
953 2155 1035 2219 urbe
1050 2156 1193 2220 exierint

224 2256 473 2340 desperatorum
486 2257 653 2323 hominum
659 2259 820 2341 flagitiosi
827 2279 983 2341 greges,o
995 2279 1055 2321 nos
1063 2257 1191 2339 beatos,

222 2379 240 2421 o
264 2380 333 2422 rem
354 2358 523 2443 publicam
546 2361 762 2442 fortunatam,
787 2383 805 2424 ο
827 2359 1037 2444 praeclaram
1058 2359 1190 2424 laudem
1231 2401 1234 2405 -

222 2460 416 2525 consulatus
432 2463 513 2526 meil
543 2462 618 2526 Non
635 2464 724 2526 enim
746 2465 813 2526 iam
830 2471 906 2526 sunt
928 2462 1112 2527 mediocres
1135 2463 1191 2527 ho·

189 2563 345 2626 aominum
362 2561 530 2644 libidines,
546 2586 612 2628 non
628 2564 793 2629 humanae
816 2587 856 2629 ac
877 2564 1072 2630 tolerandae
1088 2564 1190 2628 auda·
1214 2609 1219 2614 -

221 2666 311 2745 ciae;
333 2665 416 2728 nihil
433 2668 585 2748 cogitant
601 2669 666 2731 nisi
683 2668 831 2748 caedem,
854 2670 920 2732 nisi
937 2668 1103 2749 incendia,
1125 2669 1190 2731 nisi

220 2769 367 2858 rapinas.
389 2769 595 2834 Patrimonia
612 2794 672 2835 sua
687 2771 915 2855 profuderunt,
938 2771 1089 2834 fortunas
1114 2792 1190 2833 suas

222 2868 471 2953 obligaverunt3
495 2895 546 2936 res
572 2894 626 2936 eos
650 2874 872 2957 iampridem,
894 2872 977 2936 fides
993 2895 1097 2956 nuper
1114 2871 1190 2936 defi·

221 2991 295 3033 cere
311 2973 436 3055 coepit,
460 2972 576 3037 eadem
598 2984 710 3038 tamen
733 2973 802 3054 illa,
827 2996 911 3058 quae
935 2983 1008 3037 erat
1031 2976 1065 3036 in
1088 2973 1190 3038 abun·

153 3071 355 3159 sudantia,
385 3073 489 3138 libido
517 3085 700 3158 permanet.
745 3075 873 3156 Quodsi
895 3078 930 3139 in
958 3078 1036 3138 vino
1060 3085 1093 3140 et
1115 3075 1190 3139 alea

220 3174 472 3237 comissationes
490 3174 595 3241 solum
612 3186 645 3240 ct
660 3186 772 3240 scorta
788 3186 996 3262 quaererent,
1013 3188 1125 3242 essent
1140 3177 1188 3242 illi

220 3275 353 3361 quidem
377 3276 586 3360 desperandi,
610 3279 669 3342 sed
691 3288 805 3343 tamen
828 3288 939 3343 essent
960 3280 1105 3363 ferendi3
1128 3282 1188 3344 hoc

219 3399 297 3443 vero
314 3380 387 3463 quis
411 3378 498 3442 ferre
520 3382 641 3463 possit,
671 3382 794 3446 inertes
822 3381 970 3445 homines
999 3382 1189 3447 fortissimis

219 3481 300 3544 viris
317 3480 481 3563 insidiari,
506 3481 721 3547 stultissimos
737 3484 1016 3568 prudentissimis,
1041 3484 1188 3550 ebriosos
1249 3486 1250 3489 ’

185 3581 810 3667 aosobriis,dormientesvigilantibus?
826 3586 977 3665 Quimihi
985 3586 1188 3652 accubantes

220 3685 253 3747 iu
266 3686 441 3768 conviviis,
458 3686 624 3770 complexi
641 3687 796 3777 mulieres
811 3688 1008 3773 impudicas,
1024 3690 1101 3752 vino
1118 3689 1186 3754 lan·
