2817 4425
524 440 600 491 cnr.
619 443 696 506 o-e‚
721 443 746 507 ς.
766 444 875 491 10-1s.
1162 438 1183 503 9

214 630 405 713 Interrogas
429 654 490 712 me,
513 654 592 696 num
614 632 649 697 in
673 631 850 696 exsilium?
885 631 960 695 Non
981 629 1089 711 iubeo,
1113 629 1182 708 sed,
1212 652 1220 661 ’

215 734 243 797 si
265 755 316 797 me
340 733 497 813 consulis,
523 733 656 798 suadeo.

317 832 406 912 Quid
430 845 480 899 est
502 837 599 918 enim,
622 834 782 919 Catilina,
805 836 893 921 quod
915 846 949 900 te
972 837 1039 899 iam
1061 838 1095 899 in
1118 835 1208 901 hace

214 936 296 1001 urbe
313 937 481 1001 delectare
497 937 626 1021 possit?
649 940 683 1001 in
700 960 765 1022 qua
781 959 876 1003 nemo
893 948 944 1002 est
962 947 1059 1002 extra
1082 939 1182 1001 istam

195 1041 480 1103 aconiurationem
498 1039 704 1122 perditorum
722 1040 901 1120 hominum,
919 1042 974 1123 qui
989 1049 1100 1104 tenon
1116 1060 1181 1102 me·

214 1152 298 1221 tuat,
321 1162 428 1222 nemo,
452 1142 506 1225 qui
531 1162 598 1205 non
615 1142 734 1207 oderit.
773 1141 866 1222 Quae
882 1151 963 1205 nota
979 1140 1183 1204 domesticae

215 1242 432 1327 turpitudinis
447 1265 513 1307 non
530 1245 642 1308 inusta
658 1246 750 1309 vitae
766 1254 845 1309 tuae
862 1243 936 1307 est?
964 1243 1053 1327 quod
1072 1243 1181 1327 priva·

214 1359 324 1408 tarum
351 1366 461 1408 rerum
485 1344 629 1409 dedecus
658 1367 725 1409 non
756 1346 871 1409 haeret
893 1348 928 1407 in
950 1344 1064 1408 fama?
1096 1365 1182 1429 quae

214 1446 318 1511 libido
341 1446 384 1511 ab
408 1446 523 1527 oculis,
547 1447 635 1531 quod
658 1447 789 1511 facinus
812 1471 833 1512 a
854 1446 1007 1511 manibus
1040 1468 1182 1531 unquam

181 1552 291 1630 totuis,
315 1550 402 1634 quod
424 1550 589 1632 flagitium
613 1574 633 1615 a
655 1561 727 1615 toto
757 1572 895 1634 corpore
922 1549 1029 1613 afuit?
1061 1552 1116 1613 cui
1145 1561 1183 1613 tu

215 1651 477 1732 adulescentulo,
502 1674 597 1737 quem
622 1653 886 1738 corruptelarum
909 1653 1078 1718 illecebris
1101 1653 1181 1716 irre·

169 1748 171 1752 ’
215 1757 329 1836 tisses,
359 1775 426 1817 non
455 1765 512 1817 aut
537 1755 582 1818 ad
604 1756 783 1821 audaciam
805 1756 928 1820 ferrum
958 1754 1085 1821 autad
1106 1753 1181 1818 libi·

215 1857 324 1921 dinem
347 1858 455 1920 facem
482 1857 695 1939 praetulisti?
741 1858 830 1937 Quid
851 1856 954 1921 vero?
980 1878 1085 1941 nuper
1107 1877 1217 1925 cumn

213 1970 319 2023 morte
351 1962 530 2042 superioris
553 1963 668 2024 uxoris
696 1962 793 2023 novis
821 1960 946 2043 nuptiis
971 1958 1102 2024 domum
1124 1980 1181 2021 va·

108 2079 153 2115 sn
181 2062 426 2141 iscuefecisses‚
442 2083 551 2124 nonne
570 2064 671 2125 etiam
688 2062 754 2126 alio
772 2062 962 2126 incredibili
978 2061 1104 2127 scelere
1118 2060 1180 2126 hoc

216 2162 324 2228 scelus
337 2162 538 2228 cumulasti?
575 2163 672 2244 Quod
696 2185 757 2248 ego
773 2186 854 2249 prae
855 2165 1003 2229 termitto
1027 2173 1059 2228 et
1082 2162 1182 2228 facile

165 2260 325 2349 patior
329 2264 443 2367 sileri,
466 2288 508 2329 ne
531 2268 566 2330 in
588 2262 652 2330 hac
675 2268 814 2332 civitate
836 2268 926 2330 tanti
947 2266 1131 2331 facinoris
1121 2289 1181 2330 1m·

213 2370 359 2432 manitas
384 2378 441 2432 aut
465 2371 640 2432 exstitisse
664 2379 722 2433 aut
751 2391 818 2433 non
840 2369 1014 2433 vindicata
1037 2390 1111 2433 esse
1132 2370 1181 2432 vi·

215 2471 343 2535 deatur.
356 2471 570 2534 Praetermitt
557 2473 714 2535 toruinas
725 2472 791 2534 fort
778 2481 934 2536 tuncrum
945 2481 1090 2554 tuarum,
1098 2493 1181 2558 quas

178 2596 326 2644 ,somnes
350 2574 542 2657 impendere
564 2574 628 2638 tibi
650 2577 811 2658 proximis
831 2575 948 2640 Idibus
972 2577 1114 2656 senties3
1137 2575 1182 2638 ad

212 2676 272 2741 illa
294 2679 409 2757 venio,
438 2699 524 2761 quae
546 2698 612 2741 non
636 2677 681 2740 ad
702 2679 871 2761 privatam
893 2679 1110 2759 ignominiam
1132 2679 1180 2741 vi·

212 2783 332 2845 tiorum
355 2792 495 2861 tuorum,
527 2803 594 2844 non
618 2781 662 2844 ad
685 2781 901 2846 domesticam
923 2790 1016 2844 tuam
1039 2779 1180 2844 difficul-

212 2892 316 2946 tatem
341 2903 380 2946 ac
403 2883 654 2967 turpitudinem,
678 2883 738 2946 sed
753 2882 798 2946 ad
814 2905 975 2947 summam
988 2904 1057 2946 rem
1073 2880 1181 2965 publi-

158 2952 179 3033 7
213 3005 287 3047 cam
309 2995 408 3068 atque
430 2986 476 3048 ad
498 2988 644 3049 omnium
666 2995 817 3048 nostrum
838 2987 944 3048 vitam
974 2983 1180 3073 salutemque

179 3088 391 3170 rspertinent.
410 3087 568 3150 Potestne
580 3087 645 3150 tibi
656 3087 739 3165 haec
751 3087 821 3167 lux,
834 3079 993 3168 catilina,
1006 3094 1065 3150 aut
1082 3086 1179 3150 huius
1190 3107 1215 3146 n

212 3187 298 3252 caeli
322 3189 458 3271 spiritus
481 3210 554 3252 esse
571 3189 744 3302 iucundus,
767 3209 856 3287 cipp
865 3191 953 3252 scias
976 3210 1049 3252 esse
1065 3188 1180 3252 horum

212 3292 385 3371 neminem,
410 3292 465 3373 qui
480 3292 620 3364 nesciat,
643 3300 678 3353 te
693 3254 801 3381 inple
811 3289 986 3354 Kalendas
1004 3290 1180 3354 Ianuarias

212 3393 339 3478 Lepido
358 3402 391 3456 et
403 3391 499 3456 Tullo
523 3391 718 3456 consulibus
734 3395 869 3457 stetisse
892 3395 926 3456 in
949 3394 1082 3457 comitio
1106 3414 1181 3456 cum

212 3494 302 3560 telo?
324 3517 458 3559 manum
474 3494 646 3557 consulum
662 3503 694 3558 et
710 3497 896 3579 principum
912 3496 1062 3559 civitatis
1078 3497 1179 3558 inter·

179 3597 428 3662 reficiendorum
444 3618 548 3661 causa
570 3596 768 3680 paravisse?
792 3596 910 3661 sceleri
933 3618 973 3660 ac
995 3598 1099 3662 furori
1123 3607 1179 3661 tuo

213 3721 278 3764 non
290 3712 433 3765 mentem
445 3699 655 3784 aliquamaut
664 3701 817 3764 timorem
824 3710 926 3781 mrum,
940 3699 1000 3772 sed
1012 3699 1179 3781 fortunam
