2817 4425
266 914 337 1009 llll
371 914 650 1010 CICERONIS
685 912 814 1007 VITA
846 911 912 1006 ET
945 906 1194 1007 scurrus.

335 1292 359 1355 Ι.
381 1291 424 1354 Μ.
452 1290 577 1355 Tullius
601 1288 718 1353 Cicero
743 1312 772 1353 a.
798 1290 828 1351 d.
851 1288 912 1352 ΙΙΙ.
935 1289 1017 1352 Non.
1041 1289 1110 1353 lan.
1136 1289 1211 1351 anni

250 1416 277 1456 a.
292 1391 365 1456 Chr.
380 1416 412 1457 n.
430 1390 491 1454 106
506 1401 601 1456 natus
618 1402 668 1455 est
682 1393 809 1473 Arpini,
826 1393 859 1453 in
875 1391 996 1475 oppido
1008 1388 1211 1459 Volscorum,

249 1496 321 1558 loco
345 1497 502 1579 equestri3
525 1493 650 1557 familia
671 1493 810 1556 honesta
832 1492 889 1555 illa
912 1493 1041 1577 quidem
1063 1493 1133 1572 fuit,
1157 1490 1212 1554 sed

249 1596 386 1680 plebeia,
402 1599 562 1661 maiorum
575 1617 669 1659 nemo
686 1594 830 1658 curulem
846 1604 1015 1658 assecutus
1027 1603 1097 1658 erat
1112 1594 1213 1675 digni-

248 1708 358 1763 tatem.
374 1700 471 1763 Pater
485 1700 621 1763 Romam
638 1698 832 1779 demigravit
845 1696 955 1781 ibique
969 1696 1054 1761 filios
1069 1695 1214 1759 Marcum

250 1811 281 1864 et
318 1800 474 1880 Quintum
516 1799 651 1863 Graecis
695 1803 798 1885 primo
843 1798 1109 1885 praeceptoribus
1146 1819 1214 1862 eru·

251 1903 386 1966 diendos
408 1902 553 1966 tradidit.
577 1902 711 1966 Marcus
726 1902 783 1965 ubi
805 1911 915 1985 togam
931 1902 1055 1966 virilem
1079 1903 1216 1988 sumpsit

250 2006 346 2083 (anno
380 2003 454 2083 91),
491 2006 525 2070 in
560 2006 665 2069 forum
702 2006 792 2069 venit
824 2015 866 2082 et,
906 2006 960 2090 qui
991 2014 1061 2069 tum
1093 2002 1215 2069 Romae

251 2116 344 2171 erant
369 2110 533 2192 principes
563 2107 777 2192 eloquentiae,
808 2107 927 2170 cotidie
949 2106 1017 2171 fere
1038 2110 1072 2170 in
1095 2108 1215 2170 contio·

249 2208 346 2274 nibus
374 2209 546 2291 audiebat3
575 2209 668 2274 brevi
696 2220 805 2275 autem
835 2212 984 2274 oratoriis
1012 2212 1215 2274 exercitatio·

250 2312 345 2376 nibus
374 2335 439 2376 non
467 2322 649 2394 contentus,
680 2313 759 2376 iuris
788 2315 885 2376 etiam
914 2313 1019 2376 civilis
1047 2313 1153 2378 studio
1182 2336 1216 2378 se

251 2412 350 2496 dedit,
367 2435 431 2498 qua
445 2416 479 2477 in
493 2436 528 2476 re
544 2413 586 2492 Q.
602 2413 763 2477 scaevola
778 2435 909 2496 augure,
932 2424 1048 2499 postea
1064 2414 1104 2496 Q.
1121 2415 1217 2481 Scae·

250 2515 326 2577 vola
348 2515 502 2598 pontifice
525 2537 603 2579 usus
625 2525 676 2579 est
698 2517 975 2600 praeceptoribus.
1004 2517 1129 2582 Eodem
1151 2518 1217 2582 sere

250 2627 396 2701 tempore
418 2616 557 2694 Philoni,
591 2618 791 2683 Academiae
824 2621 974 2704 principi,
1008 2622 1062 2705 qui
1094 2619 1217 2684 Mithri-

251 2721 358 2784 datico
382 2719 469 2783 bello
492 2719 630 2783 Romam
647 2719 784 2785 Athenis
806 2723 1004 2806 profugerat,
1029 2745 1063 2786 se
1085 2721 1218 2786 tradidit

252 2822 435 2887 admirabili
469 2823 612 2908 quodam
649 2823 876 2908 philosophiae
911 2824 1018 2888 studio
1054 2825 1216 2889 incensus.

252 2922 317 2988 Suo
341 2928 426 2988 enim
448 2928 517 2989 iure
534 2935 566 2988 et
588 2924 830 3010 philosophiam
846 2936 878 2990 et
893 2929 971 2990 iuris
995 2927 1099 2990 civilis
1123 2948 1217 2991 accu-

250 3036 355 3091 ratam
379 3029 597 3109 cognitionem
619 3029 791 3112 praeclara
806 3052 878 3093 esse
901 3028 1103 3113 eloquentiae
1126 3030 1216 3093 adiu·

251 3139 360 3193 menta
384 3128 445 3192 sibi
468 3140 686 3212 persuaserat.
717 3129 828 3194 Stoico
853 3140 960 3194 autem
983 3130 1127 3196 Diodoto
1152 3126 1217 3195 dia·

251 3231 386 3295 lecticae
409 3234 565 3314 imprimis
587 3256 665 3297 usus
689 3243 739 3296 est
761 3233 894 3298 doctore
918 3232 970 3307 (ab
987 3255 1016 3296 a.
1032 3232 1097 3312 85),
1121 3256 1217 3318 quam

251 3337 342 3418 quasi
378 3335 569 3399 adstrictam
597 3344 630 3399 ct
663 3345 867 3400 contractam
901 3336 1117 3422 eloquentiam
1146 3359 1216 3400 esse

251 3438 392 3522 quodam
407 3438 480 3501 loco
498 3438 585 3500 dicit.
608 3438 722 3522 Itaque
737 3448 850 3502 noctes
866 3448 898 3501 et
921 3438 989 3502 dies
1004 3438 1071 3503 illo·
1084 3439 1213 3523 quidem

251 3550 395 3625 tempore
423 3543 456 3604 in
485 3543 625 3605 omnium
657 3542 876 3604 doctrinarum
904 3541 1116 3604 meditatione
1145 3563 1214 3604 ver·

253 3641 395 3706 sabatur.
