2817 4425
247 338 288 402 56
552 337 590 388 IN
614 337 644 388 L.
666 337 865 388 CATILINAM
882 337 921 386 IV

247 525 288 589 de
310 526 421 609 capite
443 522 602 588 videlicet
629 525 753 587 civium
767 523 991 589 Romanorum
1014 527 1218 592 sententiam

245 627 342 691 ferat.
370 626 404 691 Is
428 637 460 690 et
483 625 604 691 nudius
628 628 747 690 tertius
771 628 806 690 in
828 626 1017 691 custodiam
1039 630 1130 693 cives
1152 628 1218 693 Ro·

246 750 362 793 manos
380 728 472 792 dedit
496 739 529 794 et
544 728 822 813 supplicationem
843 729 924 792 mihi
941 728 1089 793 decrevit
1112 739 1145 794 et
1168 732 1218 795 in·

248 829 339 894 dices
362 829 516 895 hesterno
542 830 594 893 die
616 831 772 893 maximis
796 832 952 914 praemiis
976 830 1111 896 adfecit.
1145 832 1219 897 Iam

246 934 309 999 hoc
324 934 448 997 nemini
473 933 609 997 dubium
624 942 684 1014 est,
715 933 771 1016 qui
792 953 849 996 reo
865 933 1063 1014 custodiam,
1087 936 1243 1019 quaesi-s

247 1037 312 1100 tori
327 1035 599 1118 gratulationem,
622 1033 729 1097 indici
751 1035 935 1118 praemium
959 1034 1114 1116 decrerit,
1137 1037 1219 1121 quid

249 1138 290 1202 de
311 1146 385 1202 tota
406 1160 443 1202 re
466 1147 500 1201 et
521 1158 625 1201 causa
648 1135 818 1200 iudicarit.
863 1135 910 1200 At
932 1158 1011 1200 vero
1034 1135 1071 1200 0.
1088 1135 1218 1202 Caesar

247 1238 429 1322 intellegit,
458 1238 566 1320 legem
589 1237 820 1323 Semproniam
842 1260 915 1302 esse
939 1239 980 1302 de
1003 1239 1132 1303 civibus
1154 1239 1219 1304 Ro·

247 1341 354 1406 manis
371 1342 603 1423 constitutam3
619 1342 674 1424 qui
690 1350 803 1404 autem
818 1343 867 1404 rei
878 1341 1034 1425 publicae
1047 1343 1090 1405 sit
1101 1341 1220 1424 hostis,

249 1466 322 1508 eum
344 1445 452 1507 civem
476 1465 550 1506 esse
572 1441 664 1506 nullo
687 1442 785 1506 modo
807 1465 924 1528 posse3
948 1444 1089 1527 denique
1112 1445 1257 1527 ipsumro

247 1545 389 1610 latorem
405 1543 619 1630 Semproniae
641 1543 726 1627 legis
748 1547 879 1608 iniussu
894 1545 1007 1630 populi
1022 1566 1146 1629 poenas
1169 1546 1220 1608 rei

248 1647 402 1732 publicae
419 1645 627 1730 dependisse.
661 1645 756 1710 Idem
777 1647 885 1731 ipsum
908 1647 1001 1711 illum
1025 1645 1221 1729 largitorem

249 1762 282 1815 et
303 1749 480 1834 prodigum
501 1769 568 1812 non
583 1756 689 1832 putat,
714 1770 789 1812 cum
805 1748 846 1813 de
861 1751 1010 1834 pernicie
1025 1748 1139 1834 populi
1154 1748 1219 1812 Ro·

249 1854 351 1934 mani,
367 1853 469 1916 exitio
485 1851 581 1915 huius
597 1851 690 1915 urbis
707 1860 776 1916 tam
793 1853 922 1934 acerbe,
945 1863 1016 1917 tam
1037 1851 1219 1916 crudeliter

250 1955 420 2036 cogitarit,
444 1955 546 2018 etiam
568 1953 732 2037 appellari
754 1976 853 2039 posse
868 1955 1069 2041 popularem.
1100 1956 1255 2038 Itaquers

249 2058 345 2122 homo
356 2057 551 2121 mitissimus
562 2065 663 2140 atque
673 2056 863 2120 lenissimus
875 2080 940 2121 non
953 2058 1084 2122 dubitat
1095 2057 1219 2121 P.Len·

249 2159 355 2224 tulum
366 2160 513 2223 aeternis
521 2157 1056 2245 tenebrisvinculisquemandare
1068 2161 1218 2224 ctsancit

250 2265 284 2326 in
312 2271 496 2347 posterum,
525 2283 568 2325 ne
596 2263 669 2346 quie
697 2261 795 2325 huius
826 2262 986 2347 supplicio
1015 2260 1160 2325 levando
1183 2283 1220 2326 se

250 2366 378 2428 iactare
402 2374 435 2428 et
457 2365 492 2427 in
506 2365 654 2448 pernicie
675 2364 789 2448 populi
804 2364 945 2429 Romani
960 2364 1101 2449 posthac
1115 2385 1218 2449 popu·

250 2466 331 2529 laris
357 2488 430 2529 esse
452 2468 573 2550 possit,
597 2466 753 2549 adiungit
770 2469 871 2531 etiam
885 2466 1147 2551 publicationem
1161 2465 1256 2531 bom

250 2589 378 2647 norum,
400 2577 438 2631 ut
460 2589 573 2631 omnes
589 2570 693 2631 animi
709 2571 880 2634 cruciatus
896 2579 930 2634 et
945 2571 1095 2653 corporis
1119 2568 1219 2630 etiam

252 2678 385 2753 egestas
408 2691 449 2733 ac
471 2668 671 2734 mendicitas
695 2680 930 2756 consequatur.

192 2774 242 2832 ⁸11
337 2771 445 2851 Quam
473 2771 621 2851 obrem,
651 2773 722 2834 sive
744 2771 806 2835 hoc
830 2774 1034 2853 statueritis,
1058 2772 1218 2839 dederitis

251 2873 331 2938 mihi
360 2874 512 2937 comitem
543 2871 587 2936 ad
614 2876 803 2936 contionem
831 2873 951 2958 populo
980 2896 1095 2939 carum
1118 2889 1219 2961 atque

251 2975 441 3058 iucundum,
464 2976 536 3038 eive
559 2972 667 3039 Silani
690 2976 891 3039 sententiam
914 2978 1006 3061 sequi
1022 2977 1254 3060 malueritis,2a

252 3077 352 3142 facile
384 3100 436 3140 me
465 3086 565 3161 atque
593 3098 653 3140 vos
682 3100 702 3141 a
731 3076 944 3142 crudelitatis
973 3082 1220 3165 vituperatione

252 3176 431 3265 prohibebo
453 3186 552 3262 atque
573 3178 730 3244 obtinebo
741 3202 814 3244 eam
825 3180 1096 3248 multoleniorem
1106 3185 1219 3248 fuisse.

254 3282 471 3368 Quamquam,
493 3292 606 3367 patres
629 3285 822 3367 conscripti,
850 3305 935 3368 quae
956 3296 1067 3368 potest
1090 3308 1163 3350 esse
1186 3288 1220 3349 in

254 3388 341 3449 tanti
358 3384 493 3449 sceleris
509 3386 718 3448 immanitate
733 3386 903 3469 punienda
919 3388 1125 3451 crudelitas?
1146 3387 1220 3470 Ego

255 3490 342 3551 euim
358 3488 399 3551 de
414 3508 487 3551 meo
504 3508 603 3550 sensu
625 3486 747 3551 iudico.
783 3488 869 3552 Nam
891 3491 939 3552 ita
961 3490 1043 3553 mihi
1066 3488 1162 3554 salva
1185 3514 1255 3555 reso

255 3588 389 3671 publica
411 3588 584 3651 vobiscum
607 3589 732 3672 perfrui
757 3589 873 3672 liceat,
903 3600 939 3653 ut
963 3612 1040 3673 ego,
1070 3591 1158 3676 quod
1186 3595 1221 3656 in
