2817 4425
210 396 250 461 48
511 395 550 447 ns
567 398 600 447 u.
619 396 818 447 carmiuare
835 394 878 445 m

210 584 291 647 nihil
307 586 458 667 tacitum,
481 585 565 649 nihil
582 584 724 670 denique
747 588 817 649 eius
840 584 940 666 modi,
965 582 1054 668 quod
1077 585 1180 648 etiam

210 688 317 750 minus
334 686 428 770 digni
451 687 591 772 adsequi
613 690 753 771 possint.
780 686 942 750 Memoria
957 696 1081 767 vestra,
1099 683 1180 763 Qui·

208 790 300 870 rites,
316 799 452 855 nostrae
467 812 520 854 res
534 790 675 871 alentur,
692 789 899 854 sermonibus
912 799 1074 869 crescent,
1089 786 1180 852 litte-

209 914 322 956 rarum
328 894 805 957 monumentisinveterascent
818 889 1180 966 etcorroborabuntur;

211 993 414 1079 eandemque
439 994 526 1058 diem
548 993 724 1077 intellego,
754 1015 853 1079 quam
881 1015 976 1078 spero
1006 1002 1202 1057 aeternams·

210 1097 296 1177 fore,
324 1108 546 1181 propagatam
570 1118 642 1162 esse
666 1107 698 1161 et
722 1097 767 1161 ad
790 1096 933 1160 salutem
962 1096 1054 1159 urbis
1078 1096 1182 1159 etad

210 1201 401 1263 memoriam
416 1198 611 1263 consulatus
636 1200 712 1280 mei,
735 1221 865 1283 unoque
887 1209 1035 1284 tempore
1058 1199 1092 1261 in
1115 1197 1181 1262 bac

210 1322 246 1364 re
269 1300 404 1383 publica
419 1300 501 1365 duos
519 1301 610 1366 cives
634 1303 816 1383 exstitisse,
840 1323 978 1386 quorum
993 1300 1080 1365 alter
1094 1300 1181 1364 fines

210 1403 315 1466 vestri
337 1404 466 1486 imperii
482 1424 549 1467 non
572 1413 692 1485 terrae,
716 1403 776 1468 sed
791 1402 877 1467 caeli
897 1402 1090 1485 regionibus
1112 1410 1182 1465 ter·

210 1506 363 1586 minaret,
384 1504 471 1570 alter
488 1506 635 1571 eiusdem
657 1508 787 1591 imperii
801 1505 1003 1569 domicilium
1017 1503 1217 1588 sedesquen

211 1617 370 1673 servaret.

137 1718 200 1775 tta
313 1707 380 1774 Sed
402 1708 558 1796 quoniam
586 1733 699 1775 earum
722 1734 846 1792 rerum,
875 1732 957 1794 quas
986 1730 1048 1791 ego
1077 1712 1182 1792 gessi,

209 1834 276 1876 non
292 1812 409 1877 eadem
426 1824 476 1876 est
492 1814 626 1877 fortuna
642 1825 743 1897 atque
758 1812 911 1876 condicio
929 1832 1014 1895 quae
1034 1810 1181 1892 illorum,

210 1916 266 2000 qui
290 1926 428 1980 externa
455 1914 545 1979 bella
575 1926 767 1998 gesserunt,
802 1914 890 1999 quod
923 1914 1003 1977 mihi
1031 1934 1107 1977 oum
1135 1914 1181 1977 iis

208 2016 388 2081 vivendum
411 2026 471 2099 est,
495 2038 577 2101 quos
599 2018 666 2081 vici
689 2038 729 2080 ao
753 2016 881 2099 subegi,
911 2015 960 2079 illi
984 2015 1096 2079 hostes
1120 2026 1181 2081 aut
1191 2035 1217 2075 rs

210 2120 402 2184 interfectos
426 2128 484 2183 aut
508 2140 681 2204 oppressos
705 2118 922 2203 reliquerunt,
944 2127 1093 2181 vestrum
1116 2129 1181 2199 est,

210 2223 370 2305 Quirites,
399 2226 426 2288 si
449 2226 571 2288 ceteris
594 2224 686 2287 facta
716 2245 776 2287 sua
798 2232 889 2286 recte
911 2230 1066 2306 prosunt,
1096 2220 1181 2285 mihi

209 2348 282 2389 mea
297 2326 487 2410 nequando
505 2325 625 2406 obsint,
649 2325 834 2410 providere.
868 2323 998 2388 Mentes
1017 2326 1105 2388 enim
1120 2323 1181 2387 ho·

208 2429 332 2491 minum
359 2426 657 2492 audacissimorum
686 2426 872 2490 sceleratae
895 2447 935 2488 ac
957 2425 1106 2489 nefariae
1134 2447 1180 2488 ne

208 2528 304 2592 vobis
320 2550 440 2593 nocere
455 2540 602 2614 possent,
620 2549 681 2611 ego
697 2528 845 2612 providi3
868 2550 910 2590 ne
926 2527 1007 2590 mihi
1021 2538 1178 2609 noceant,
1189 2550 1216 2597 ιο·

208 2639 356 2694 vestrum
378 2640 430 2695 est
452 2631 638 2714 providere.
674 2629 892 2714 Quamquam,
914 2629 1072 2709 Quirites,
1095 2627 1180 2692 mihi

209 2731 343 2817 quidem
354 2733 418 2817 ipsi
431 2731 514 2795 nihil
527 2731 569 2795 ab
583 2734 658 2795 istis
670 2733 736 2795 iam
748 2733 861 2795 noceri
873 2740 993 2815 potest.
1016 2729 1180 2812 Magnum

211 2837 298 2899 enim
321 2846 372 2901 est
394 2837 429 2899 in
451 2834 547 2899 bonis
563 2834 778 2918 praesidium,
801 2833 889 2918 quod
911 2832 991 2895 mihi
1006 2833 1041 2894 in
1061 2853 1178 2916 perpe·

210 2950 303 3003 tuum
315 2947 542 3023 comparatum
561 2949 621 3018 est,
640 2957 762 3019 magna
776 2939 809 2999 in
821 2958 857 2999 re
869 2933 1003 3019 publica
1016 2935 1180 3020 dignitas,

211 3063 296 3127 quae
318 3063 370 3105 me
394 3062 522 3125 semper
543 3042 651 3104 tacita
675 3038 845 3119 defendet,
873 3058 996 3120 magna
1018 3040 1070 3102 vis
1098 3056 1218 3106 oon-aa

212 3146 382 3225 scientiae,
405 3166 505 3229 quam
523 3145 578 3228 qui
600 3142 793 3226 neglegunt,
816 3163 891 3205 cum
906 3163 958 3205 me
976 3141 1103 3205 violare
1118 3162 1179 3204 vo-

178 3247 290 3330 sslent,
314 3268 349 3311 se
371 3246 580 3311 indicabunt.
613 3245 675 3309 Est
691 3246 793 3308 etiam
816 3246 850 3307 in
872 3243 969 3307 nobis
991 3245 1019 3307 is
1035 3244 1179 3326 animus,

212 3347 369 3431 Quirites,
400 3360 524 3412 utnon
552 3347 649 3411 modo
673 3346 797 3411 nullius
822 3345 984 3409 audaciae
1007 3337 1184 3429 cedamus,

213 3453 272 3516 sed
290 3453 391 3516 etiam
403 3472 516 3515 omnes
535 3450 701 3533 improbos
715 3448 802 3512 ultro
816 3470 944 3533 semper
961 3449 1185 3512 lacessamus

213 3554 339 3634 Quodsi
363 3554 468 3617 omnis
492 3554 632 3637 impetus
657 3552 913 3616 domesticorum
934 3550 1088 3632 hostium,
1120 3542 1220 3616 ‹le-ss·

213 3657 325 3739 pulsus
342 3679 362 3718 a
377 3655 473 3720 vobis
515 3678 550 3719 se
579 3658 612 3718 in
640 3677 692 3719 me
714 3676 814 3718 unum
837 3654 1050 3717 converterit.
1078 3652 1179 3718 vobis
