2817 4425
184 413 232 477 Χ30
499 418 536 466 IN
553 419 584 467 L.
605 418 802 469 CATILINAM
819 419 847 467 11

184 603 356 687 :proprium
372 598 539 665 Catilinae
561 597 621 682 est,
646 602 686 666 de
710 605 780 666 eius
805 602 938 684 dilectu,
961 606 1058 667 immo
1075 623 1157 668 vero

187 704 230 768 de
245 704 421 788 complexu
436 706 506 768 eius
523 726 562 768 ac
580 706 663 785 sinu,
680 725 761 789 quos
780 727 865 789 pexo
881 705 1159 790 capillqnitidos,

114 827 116 831 “
188 816 246 872 aut
262 804 427 870 imberbes
444 817 501 870 aut
512 807 597 870 bene
610 806 771 871 barbatos
784 807 916 887 videtis
930 809 1108 871 manicatis
1123 818 1157 871 et
1254 803 1261 824 '

187 907 352 973 talaribus
369 909 503 988 tunicis,
527 908 612 971 velis
629 911 780 988 amictos,
803 931 869 972 non
892 912 992 991 togis,
1016 930 1157 992 quorum

188 1011 293 1075 omnis
316 1008 483 1073 industria
498 1010 590 1074 vitae
614 1021 646 1073 et
661 1009 827 1092 vigilandi
850 1010 945 1074 labor
967 1013 1003 1074 in
1025 1010 1179 1074 anteluo

156 1114 283 1177 aconis
311 1113 403 1177 cenis
432 1113 646 1196 expromitur.
697 1113 736 1177 In
765 1113 816 1176 his
847 1112 1005 1195 gregibus
1040 1134 1155 1176 omnes

189 1214 365 1295 aleatores,
378 1236 490 1277 omnes
503 1214 658 1294 adulteri,
672 1236 784 1277 omnes
798 1217 917 1297 impuri
930 1214 1156 1299 impudicique

189 1324 374 1380 versantur.
398 1318 443 1380 Hi
454 1318 547 1401 pueri
559 1325 628 1380 tam
641 1316 743 1400 lepidi
756 1338 796 1379 ac
809 1316 947 1380 delicati
965 1338 1031 1380 non
1048 1315 1155 1380 solum

189 1440 301 1482 amare
317 1428 349 1481 et
366 1421 471 1482 amari
497 1440 603 1502 neque
620 1418 746 1482 saltare
763 1428 795 1481 et
810 1429 959 1500 cantare,
976 1418 1152 1483 sedetiam

165 1522 275 1584 ‘sicas
297 1519 432 1585 vibrare
461 1531 492 1585 et
523 1543 679 1606 spargere
709 1544 838 1587 venena
861 1521 1065 1603 didicerunt3
1097 1524 1192 1605 quiro

188 1624 254 1686 nisi
270 1633 404 1701 exeunt,
427 1623 492 1687 nisi
508 1634 656 1705 pereunt,
681 1624 783 1687 etiam
798 1625 827 1686 si
842 1621 990 1686 Catilina
1005 1624 1153 1705 perierit,

189 1727 309 1789 scitote
331 1724 393 1789 hoc
417 1727 451 1788 in
474 1747 509 1788 re
532 1724 666 1808 publica
695 1726 908 1809 seminarium
931 1716 1154 1788 Catilinarum

188 1828 342 1891 futurum.
371 1826 495 1890 Verum
509 1837 622 1890 tamen
639 1826 719 1909 quid
734 1826 799 1890 sibi
815 1828 873 1891 isti
887 1828 999 1889 miseri
1015 1825 1155 1889 volunt?

189 1930 273 1993 Num
286 1950 363 1992 suas
378 1950 489 1991 secum
501 1927 715 2018 mulierculas
729 1936 805 1991 sunt
821 1930 855 1991 in
871 1938 984 1991 castra
999 1927 1154 1992 ducturi?

189 2030 293 2111 Quem
316 2029 361 2093 ad
382 2029 515 2093 modum
538 2020 648 2092 autem
677 2029 745 2092 illis
768 2050 883 2093 carere
906 2038 1078 2113 poterunt,
1100 2029 1189 2093 hiso

189 2133 386 2217 praesertim
402 2133 468 2195 iam
483 2130 662 2194 noctibus?
691 2130 764 2211 Quo
781 2140 892 2195 autem
908 2140 1006 2216 pacto
1022 2130 1071 2195 illi
1086 2131 1153 2217 Ap·

189 2237 368 2320 penninum
396 2245 495 2319 atque
524 2233 599 2299 illas
622 2235 760 2318 pruinas
784 2255 824 2296 ac
846 2236 940 2296 nives
963 2234 1155 2317 perferent?

189 2339 255 2402 nisi
277 2337 403 2402 idcirco
428 2359 464 2425 se
485 2336 618 2400 facilius
642 2335 782 2400 hiemem
797 2336 999 2400 toleraturos
1022 2345 1152 2420 putant,

191 2439 276 2522 quod
299 2439 380 2502 nudi
404 2441 438 2502 in
462 2441 625 2502 conviviis
650 2438 776 2502 saltare
800 2438 999 2503 didicerunt.

118 2555 181 2612 llu
291 2540 319 2604 Ο
343 2540 467 2604 bellum
489 2561 610 2622 magno
626 2562 725 2624 opere
747 2540 1055 2624 pertimescendum,
1077 2557 1189 2604 cumn>

189 2645 274 2708 hanc
284 2641 508 2706 sithabiturus
517 2639 666 2705 Catilina
679 2651 865 2706 scortorum
877 2642 1045 2706 cohortem
1056 2663 1151 2725 prae·

187 2745 331 2811 toriam?
374 2745 534 2809 Instruite
555 2765 652 2824 nunc,
677 2743 835 2823 Quirites,
858 2754 976 2807 contra
999 2744 1058 2808 has
1081 2753 1151 2806 tam

188 2847 380 2935 praeclaras
393 2843 561 2909 Catilinae
573 2849 687 2930 copias
700 2856 814 2909 vestra
826 2846 995 2929 praesidia
1007 2855 1150 2909 vestros·

190 2974 252 3037 que
274 2952 458 3030 exercitus3
482 2959 513 3012 et
529 2951 669 3032 primum
685 2949 868 3030 gladiatori
883 2947 933 3011 illi
950 2948 1101 3011 confecto
1119 2958 1151 3012 et

153 3048 160 3061 ‘
190 3054 302 3118 saucio
332 3049 485 3116 consules
515 3053 797 3135 imperatoresque
820 3060 949 3114 vestros
980 3052 1187 3134 opponite;²⁵

191 3155 310 3221 deinde
326 3163 444 3218 contra
459 3152 552 3216 illam
567 3152 805 3234 naufragorum
820 3154 960 3216 eiectam
976 3173 1016 3216 ac
1035 3151 1150 3216 debili-

190 3267 296 3323 tatam
312 3278 446 3321 manum
462 3255 575 3319 florem
591 3257 694 3318 totius
707 3254 827 3319 Italiae
846 3275 885 3317 ao
897 3254 999 3318 robur
1009 3255 1149 3318 educite.

189 3363 260 3426 Iam
274 3381 354 3424 vero
371 3380 466 3422 arces
483 3357 686 3421 coloniarum
699 3379 739 3420 ac
752 3358 1005 3440 municipiorum
1016 3377 1149 3440 respon·

191 3463 315 3527 debunt
338 3459 505 3526 Catilinae
527 3458 662 3522 tumulis
687 3453 907 3522 silvestribus.
951 3458 1065 3542 Neque
1088 3476 1150 3540 e'go

189 3574 317 3629 ceteras
346 3565 476 3647 copias,
506 3570 716 3642 ornamenta,
745 3560 913 3644 praesidia
935 3571 1049 3623 vestra
1078 3579 1186 3625 cumen
1262 3638 1263 3641 Ἴ

191 3667 278 3731 illius
295 3667 435 3731 latronis
452 3667 565 3748 inopia
581 3673 680 3748 atque
696 3673 847 3744 egestate
870 3661 1018 3725 conferre
1035 3661 1149 3728 debeo.
