2817 4425
267 421 308 482 20
578 422 615 470 m
633 422 663 469 n.
685 420 885 468 carloman
904 420 931 467 11

266 608 332 671 lam
354 609 421 671 iam
443 630 519 671 cum
541 609 636 671 hoste
653 607 743 671 nullo
760 608 960 692 impediente
974 605 1097 670 bellum
1115 608 1249 671 iustum

267 731 428 790 geremus.
467 709 546 773 Sine
570 709 669 773 dubio
692 708 898 793 perdidimus
921 709 1247 804 hominem‘magni·

266 812 391 894 ficeque
414 813 555 875 vicimus
563 862 571 892 ,
601 834 675 875 cum
699 811 793 875 illum
817 835 859 875 ex
882 813 1023 875 occultis
1047 811 1181 875 insidiis
1208 814 1247 875 in

248 924 418 995 rapertum
446 913 659 977 latrocinium
690 916 903 978 coniecimus.
950 912 1047 992 Quod
1069 936 1148 977 vero
1172 937 1246 977 non

267 1025 441 1079 cruentum
464 1037 665 1098 mucronem,
688 1027 726 1079 ut
742 1016 859 1096 voluit,
883 1016 1015 1098 extulit,
1041 1016 1128 1099 quod
1150 1018 1271 1087 vivis5

267 1117 363 1181 nobis
387 1139 542 1200 egressus
565 1129 626 1199 est,
650 1118 738 1202 quod
762 1120 792 1180 ei
815 1118 940 1181 ferrum
964 1141 981 1180 c
1004 1118 1157 1182 monibus
1183 1142 1245 1182 ex·

189 1214 191 1218 ’
266 1222 435 1300 torsimus,
448 1220 536 1304 quod
549 1220 734 1283 incolumes
747 1221 850 1298 cives,
866 1219 956 1303 quod
966 1230 1111 1284 stantem
1123 1218 1246 1283 urbem

267 1321 410 1406 reliquit,
424 1332 547 1406 quanto
561 1321 697 1385 tandem
710 1321 804 1384 illum
815 1344 966 1384 maerore
984 1344 1057 1384 esse
1069 1321 1246 1386 adflictum

268 1435 300 1485 et
321 1423 531 1508 profligatum
553 1422 703 1509 putatis?
736 1424 830 1488 Iacet
852 1422 909 1486 ille
930 1445 1017 1486 nunc
1041 1434 1245 1507 prostratus,

269 1524 427 1607 Quirites,
450 1535 483 1589 et
498 1548 533 1589 se
545 1525 734 1611 perculsum
746 1536 846 1610 atque
862 1525 1030 1592 abiectum
1047 1549 1121 1590 esse
1137 1530 1245 1589 sentit
1257 1564 1284 1601 ω

268 1643 300 1691 et
313 1620 483 1713 retorquet
506 1628 618 1691 oculos
641 1630 790 1715 profecto
814 1650 913 1712 saepe
936 1628 982 1691 ad
1004 1629 1091 1692 hanc
1113 1627 1245 1710 urbem,

269 1752 367 1816 quam
395 1754 413 1793 e
441 1734 510 1795 suis
539 1732 692 1795 faucibus
730 1741 877 1814 ereptam
911 1753 984 1793 esse
1013 1731 1121 1812 luget,
1155 1752 1246 1812 quae

269 1833 402 1917 quidem
424 1834 504 1896 mihi
528 1833 649 1897 laetari
672 1834 815 1911 videtur,
846 1832 935 1916 quod
957 1842 1090 1895 tantam
1111 1845 1246 1915 pestem

269 1937 452 1999 evomuerit
474 1934 630 2020 forasque
652 1938 840 2020 proiecerit.

218 2044 261 2097 ts
370 2036 421 2101 Ac
445 2039 562 2121 siquis
587 2048 637 2100 est
660 2037 750 2118 talis,
775 2037 890 2120 quales
915 2059 987 2100 esse
1011 2060 1123 2101 omnes
1147 2051 1292 2122 opor-15

269 2140 372 2224 tebat,
397 2142 452 2225 qui
469 2142 502 2203 in
518 2140 580 2202 hoc
597 2143 678 2225 ipso,
703 2141 817 2224 inquo
838 2139 986 2203 exsultat
1004 2149 1036 2202 et
1058 2140 1246 2224 triumphat

271 2247 378 2309 oratio
400 2266 485 2320 mea,
507 2265 559 2306 me
575 2243 788 2306 vehementer
812 2254 957 2322 accuset,
981 2243 1069 2325 quod
1092 2252 1162 2305 tam
1184 2263 1244 2305 ca-

270 2346 408 2431 pitalem
435 2347 563 2410 hostem
586 2367 652 2408 non
676 2342 984 2429 comprehenderim
1007 2346 1116 2428 potius
1140 2366 1243 2429 quam

271 2451 445 2528 emiserim,
461 2470 527 2511 non
544 2457 594 2511 est
611 2449 678 2510 ista
693 2470 767 2510 mea
779 2445 889 2530 culpa,
907 2445 1066 2526 Quirites,
1084 2446 1143 2509 sed
1158 2457 1242 2510 tem-

270 2571 394 2635 porum.
417 2549 636 2612 Interfeotum
652 2571 725 2612 esse
741 2548 781 2610 L.
793 2546 975 2611 Catilinam
991 2559 1025 2612 et
1041 2551 1242 2631 gravissimo
1252 2582 1278 2619 20

272 2651 433 2737 supplicio
457 2650 627 2714 adfectum
650 2653 718 2713 iam
741 2650 868 2735 pridem
894 2650 1080 2734 oportebat,
1104 2651 1203 2734 idque
1220 2675 1242 2715 a

271 2777 322 2818 me
346 2763 378 2818 et
400 2774 470 2816 mos
499 2753 662 2815 maiorum
686 2761 718 2814 et
742 2752 838 2815 huius
869 2754 997 2836 imperii
1021 2754 1182 2815 severitas
1208 2763 1243 2816 et

272 2881 324 2922 res
346 2855 482 2941 publica
504 2853 707 2939 postulabat.
733 2852 800 2916 sed
816 2877 915 2938 quam
929 2853 1051 2918 multos
1066 2854 1168 2919 fuisse
1183 2877 1242 2940 pu·

273 2963 363 3041 tatis,
380 2961 445 3044 qui,
470 2979 555 3042 quae
570 2977 632 3038 ego
651 2955 822 3035 deferrem,
838 2979 904 3020 non
921 2957 1119 3020 crederent?
1143 2980 1242 3042 quam

272 3063 411 3142 multos,
427 3062 483 3144 qui
506 3061 607 3123 etiam
632 3058 871 3122 defenderent?
900 3057 950 3123 Ac
974 3061 1002 3123 si
1025 3059 1083 3124 illo
1108 3061 1241 3124 sublato
1252 3088 1278 3126 25

273 3163 394 3248 depelli
423 3184 443 3224 a
472 3161 567 3224 vobis
597 3182 691 3222 omne
721 3159 905 3243 periculum
940 3161 1140 3244 iudicarem,
1174 3165 1241 3224 iam

272 3267 399 3351 pridem
423 3285 483 3345 ego
499 3263 539 3326 L.
552 3260 734 3325 Catilinam
756 3285 823 3326 non
845 3263 942 3326 modo
967 3265 1116 3328 invidiae
1137 3286 1241 3345 meae,

254 3390 386 3432 «verum
411 3369 511 3430 etiam
533 3367 624 3428 vitae
647 3364 795 3448 periculo
819 3365 1038 3430 sustulissem.
1077 3366 1144 3429 Sed
1166 3387 1241 3429 cum

274 3471 430 3547 viderem,
443 3490 485 3531 ne
497 3467 592 3531 vobis
606 3467 739 3551 quidem
756 3468 908 3532 omnibus
920 3493 957 3532 re
970 3473 1069 3533 etiam
1086 3479 1155 3533 tum
1167 3492 1240 3552 pro·

274 3573 365 3654 bata,
379 3574 406 3634 si
420 3570 521 3650 illum,
535 3581 571 3634 ut
587 3578 659 3634 erat
673 3570 822 3652 merituS,
835 3581 942 3634 morte
953 3571 1158 3653 multassem,
1170 3572 1241 3635 fore
1251 3595 1277 3633 so

272 3686 307 3738 ut
322 3677 392 3738 eius
405 3675 513 3737 socios
526 3671 654 3735 invidia
668 3693 845 3756 oppressus
858 3674 1011 3757 persequi
1023 3695 1090 3737 non
1098 3695 1240 3758 possem,
