2817 4425
359 432 408 482 DE
428 430 619 483 CICERONIS
638 431 723 481 VITA
741 431 788 480 ΕΤ
807 430 975 482 SCRIPTIS.
1089 432 1152 482 XIII

189 629 285 703 atque
314 622 457 702 incensa,
486 643 563 685 area
584 618 745 683 Libertati
774 628 966 683 consecrata
987 629 1046 700 est,
1077 621 1152 683 item

188 720 284 784 villae
307 722 483 787 Formiana
506 731 539 786 et
562 720 749 785 Tusculana
771 722 923 785 incensae
946 730 1030 784 sunt.

272 876 329 939 IV.
343 877 451 958 Quam
460 878 681 942 calamitatem
693 876 945 961 haudquaquam
957 877 1034 939 forti
1045 877 1152 941 animo

190 986 246 1041 aut
274 999 333 1061 pro
368 979 526 1063 dignitate
555 1002 616 1045 sua
643 978 718 1043 tulit
744 980 795 1043 vir
828 978 1025 1061 consularis,
1055 980 1152 1043 immo

189 1081 336 1165 epistulis
375 1082 577 1167 querelarum
617 1081 950 1166 lamentationumque
995 1081 1153 1147 inutilium

191 1181 293 1262 plenis
313 1181 356 1246 ab
378 1186 502 1266 amicis,
529 1196 565 1248 ut
592 1206 687 1269 opem
717 1184 778 1247 sibi
805 1184 935 1264 ferrent,
958 1192 1067 1267 petere
1089 1206 1154 1248 non

188 1280 285 1347 desiit
306 1286 488 1350 incredibili
510 1286 653 1371 quodam
675 1308 825 1351 maerore
849 1286 1026 1350 confectus.
1049 1285 1155 1350 Exsul

189 1393 297 1449 autem
324 1388 385 1453 fuit
407 1388 670 1463 Thessalonicae,
702 1400 787 1472 post,
816 1410 875 1471 spe
902 1387 1023 1452 reditus
1057 1390 1153 1470 facta,

190 1485 401 1569 Dyrrhachii.

274 1590 339 1656 Sed
354 1596 421 1658 iam
444 1617 529 1657 anno
553 1603 629 1678 post
652 1592 696 1675 (a.
712 1591 768 1671 57)
785 1591 826 1655 de
848 1592 1047 1656 restituendo
1065 1592 1153 1656 Cice·

188 1714 265 1757 rone
289 1698 344 1777 agi
366 1705 518 1779 coeptum
542 1696 647 1758 estin
670 1704 785 1758 senatu
807 1701 941 1756 auctore
955 1693 992 1757 P.
1015 1694 1154 1758 Lentulo

189 1795 331 1877 consule,
368 1819 464 1881 quem
497 1818 693 1882 magnopere
729 1794 933 1860 adiuvabant
963 1796 1002 1859 Τ.
1028 1794 1154 1860 Annius

187 1896 265 1961 Milo
296 1908 329 1961 et
356 1899 392 1961 P.
421 1897 546 1963 Sestius
576 1898 696 1963 tribuni
725 1898 841 1981 plebis.
883 1896 1028 1977 Quorum
1057 1920 1155 1983 opera

189 1999 339 2062 effectum
369 2010 427 2083 est,
457 2010 493 2065 ut
519 2003 656 2087 primum
688 2010 820 2065 senatus
853 1998 1036 2064 consultum
1065 2002 1156 2065 fieret

189 2102 228 2166 de
252 2099 419 2166 Ciceronis
443 2103 567 2186 salute3
597 2104 713 2168 deinde
735 2103 792 2168 lex
819 2106 917 2167 etiam
940 2102 980 2167 de
1002 2126 1041 2167 eo
1063 2126 1154 2167 revo-

189 2204 294 2268 cando
310 2204 352 2268 ad
374 2206 531 2290 populum
545 2207 614 2272 lata
630 2231 755 2272 summo
773 2209 915 2271 omnium
938 2207 1154 2272 centuriarum

188 2329 350 2371 consensu
373 2319 511 2394 accepta
534 2320 584 2374 est
606 2311 711 2395 pridie
732 2310 817 2373 Non.
843 2308 994 2374 Sextiles.
1031 2309 1153 2374 Eodem

188 2408 239 2472 die
262 2408 380 2475 'Cicero
411 2410 620 2495 Dyrrhachio
650 2411 816 2497 profectus
844 2409 948 2475 Nonis
977 2409 1155 2478 Sextilibus

188 2511 396 2576 Brundisium
419 2515 508 2576 venit
524 2523 556 2577 et
577 2513 669 2578 brevi
693 2535 820 2578 summa
842 2515 983 2576 omnium
1008 2515 1154 2580 ordinum
1229 2504 1232 2508 “

189 2614 354 2679 voluntate
376 2615 565 2701 laetitiaque
588 2618 726 2681 Romam
749 2616 854 2680 rediit.

271 2767 312 2831 V.
335 2767 375 2832 A.
400 2767 442 2832 56
465 2768 506 2836 P.
523 2769 660 2833 Sestium
684 2771 725 2834 de
747 2775 781 2834 vi
803 2770 1002 2854 postulatum
1027 2771 1154 2851 egregie

188 2869 343 2950 defendit,
377 2893 407 2935 a.
437 2870 479 2932 52
508 2870 668 2934 Milouem
700 2874 778 2935 item
813 2871 853 2934 de
882 2873 914 2934 vi
947 2881 1153 2952 accusatum3

187 2971 245 3035 illa
278 2982 396 3048 autem,
431 2996 515 3058 quae
549 2984 673 3053 exstat,
709 2975 813 3038 oratio
844 2991 903 3052 pro
935 2971 1059 3035 Milone
1090 2995 1153 3037 non

187 3072 299 3138 habita
332 3084 397 3156 est,
437 3076 494 3141 sed
527 3086 658 3159 postea,
697 3097 772 3140 cum
805 3075 884 3138 Milo
922 3073 1155 3140 condemnatus

187 3175 356 3241 Massiliae
383 3179 558 3258 exsularet,
583 3181 772 3263 conscripta
794 3188 844 3242 est
866 3177 922 3241 ‘ita
944 3177 1097 3260 perfecte,
1119 3186 1156 3240 ut

189 3279 330 3342 omnium
339 3275 504 3342 Ciceronis
515 3283 697 3343 orationum
710 3282 779 3343 iure
791 3281 896 3363 prima
907 3277 1019 3340 haberi
1031 3275 1152 3362 possit?

188 3382 218 3446 A
240 3403 349 3446 mense
372 3379 454 3446 Iulio
478 3387 556 3448 anni
571 3382 610 3446 51
635 3381 797 3466 usquead
813 3404 842 3445 a.
858 3378 900 3444 50
917 3378 1067 3444 Ciliciam
1084 3401 1154 3463 pro-

187 3493 329 3556 vinciam
345 3511 403 3574 pro
421 3485 554 3551 consule
571 3484 819 3548 administravit.
836 3482 917 3547 Inde
932 3504 1006 3546 cum
1017 3482 1153 3545 Romam

188 3593 346 3672 rediisset,
359 3595 425 3656 iam
438 3598 603 3653 certamen
614 3587 696 3651 illud
709 3594 879 3650 exarserat
889 3585 972 3649 inter
980 3582 1153 3648 Caesarem

189 3705 222 3759 et
236 3696 436 3777 Pompeium.
459 3692 525 3754 Diu
548 3687 744 3770 haesitabat,
767 3689 869 3750 utrius
885 3687 1031 3771 partibus
1047 3709 1082 3750 se
1097 3685 1152 3750 ad·
