2817 4425
223 375 265 438 60
524 374 562 423 nt
580 373 611 421 n.
630 369 884 421 CATILINAMIV

191 593 216 631 rc
223 583 428 627 communem
440 584 514 625 esse
525 581 715 626 conversos.
733 558 848 623 Omnis
860 559 1079 639 ingenuorum
1087 556 1187 621 adest

223 663 419 745 multitudo,
454 665 555 728 etiam
587 662 866 725 tenuissimorum.
911 658 994 738 Quis
1017 660 1069 723 est
1092 660 1192 740 enim,

224 767 278 828 cui
300 787 367 830 non
395 765 477 829 haec
506 762 645 847 templa,
674 761 852 846 adspectus
880 760 990 841 urbis,
1022 763 1192 844 possessio

223 867 408 950 libertatis,
433 867 492 931 lux
515 866 656 950 denique
679 865 762 929 haec
786 866 859 949 ipsa
883 873 915 927 et
939 884 1112 928 commune
1133 885 1193 948 pa·

223 971 310 1033 triae
334 969 439 1033 solum
461 991 537 1034 cum
560 971 603 1032 sit
627 989 752 1050 carum,
774 977 846 1031 tum
867 988 946 1030 vero
970 966 1068 1030 dulce
1091 975 1216 1051 atqueo

224 1071 426 1135 iucundum?
492 1135 494 1140 ,

199 1193 217 1246 s
310 1173 442 1259 Operae
464 1175 607 1257 pretium
630 1181 697 1255 est,
724 1185 838 1257 patres
867 1173 1066 1257 conscripti,
1095 1171 1194 1236 liber·

224 1277 371 1340 tinorum
391 1276 560 1339 hominum
584 1274 695 1339 studia
719 1295 931 1357 cognoscere,
956 1276 1021 1358 qui,
1044 1297 1104 1338 sua
1127 1277 1195 1338 vir·

225 1388 297 1442 tute
319 1379 486 1443 fortunam
514 1377 611 1441 huius
634 1379 784 1441 civitatis
807 1378 985 1458 consecuti,
1001 1399 1079 1440 vere
1107 1377 1195 1441 hanc

227 1501 321 1543 suam
337 1501 410 1544 esse
424 1480 568 1565 patriam
586 1479 747 1559 iudicant,
771 1500 869 1562 quam
885 1477 1020 1561 quidam
1040 1478 1095 1542 hic
1112 1479 1230 1542 natiso

139 1566 141 1570 ’
227 1591 261 1646 et
284 1603 409 1645 summo
424 1583 497 1645 nati
519 1581 592 1644 loco
615 1603 682 1644 non
700 1582 847 1665 patriam
870 1601 973 1659 suam,
997 1580 1057 1643 sed
1078 1581 1197 1647 urbem

226 1685 371 1748 hostium
404 1705 478 1747 esse
511 1682 755 1746 iudicaverunt.
800 1679 868 1745 Sed
895 1681 976 1764 quid
1003 1701 1065 1764 ego
1093 1682 1196 1748 hosce

226 1786 375 1850 homines
391 1784 590 1869 ordinesque
605 1805 834 1869 commemoro,
858 1805 939 1867 quos
961 1784 1115 1868 privatae
1130 1784 1196 1849 for·

227 1899 346 1968 tunae,
378 1908 460 1972 quos
483 1888 666 1950 communis
694 1884 918 1971 respublica,
947 1906 1029 1970 quos
1053 1887 1195 1972 denique

226 1989 375 2070 libertas,
399 2010 439 2051 ea
455 2010 540 2073 quae
556 1987 752 2052 dulcissima
768 1999 829 2069 est,
846 1988 891 2052 ad
906 1988 1047 2054 salutem
1061 1991 1231 2073 patriaeto

228 2091 473 2156 defendendam
489 2090 675 2155 excitavit?
709 2089 831 2155 Servus
844 2101 894 2155 est
906 2113 1011 2174 nemo,
1028 2094 1084 2177 qui
1095 2092 1196 2157 modo

227 2192 397 2259 tolerabili
408 2193 605 2260 condicione
618 2195 662 2258 sit
675 2195 857 2277 servitutis,
869 2195 1003 2279 quinon
1019 2193 1198 2259 audaciam

228 2298 352 2363 civium
367 2296 611 2380 perhorrescat,
635 2297 691 2388 qui
705 2317 773 2359 non
787 2296 872 2362 haec
889 2306 980 2360 stare
995 2299 1119 2381 cupiat,
1140 2298 1197 2382 qui

228 2422 310 2481 non,
339 2408 499 2483 quantum
521 2398 623 2463 audet
652 2408 684 2462 et
708 2409 867 2484 quantum
889 2410 1017 2485 potest,
1046 2400 1197 2464 conferat

194 2533 220 2573 ῃ
229 2499 275 2565 ad
289 2520 495 2564 communem
516 2498 658 2563 salutem
673 2500 867 2565 voluntatis·
912 2501 1026 2581 Quare
1048 2505 1077 2567 si
1100 2524 1232 2587 quemso

229 2611 378 2666 vestrum
405 2602 492 2665 forte
514 2613 701 2666 commovet
730 2602 807 2683 hoc,
842 2602 930 2687 quod
957 2603 1109 2668 auditum
1136 2615 1198 2685 est,

229 2704 383 2768 lenonem
406 2703 573 2787 quendam
594 2702 732 2767 Lentuli
756 2726 956 2768 concursare
989 2706 1114 2769 circum
1147 2715 1198 2769 ta·

228 2806 362 2888 beruas,
378 2808 484 2891 pretio
501 2828 636 2891 sperare
652 2805 828 2871 sollicitari
842 2829 941 2891 posse
955 2810 1084 2872 animos
1099 2828 1198 2892 egen·

229 2911 313 2973 tium
336 2917 437 2993 atque
465 2910 708 2993 imperitorum,
741 2919 792 2973 est
821 2908 857 2973 id
886 2908 1018 2995 quidem
1044 2922 1198 2997 coeptum

230 3021 330 3094 atque
358 3019 570 3095 temptatum,
598 3010 657 3074 sed
685 3010 769 3074 nulli
798 3020 875 3074 sunt
897 3014 1026 3077 inventi
1048 3023 1118 3077 tam
1140 3022 1231 3077 auto

230 3114 364 3176 fortuna
379 3114 492 3176 miseri
508 3123 567 3176 aut
581 3112 757 3177 voluntate
778 3114 912 3197 perditi,
935 3117 992 3199 qui
1014 3138 1081 3181 non
1103 3116 1198 3181 illum

230 3217 338 3299 ipsum
350 3214 454 3279 sellae
466 3226 567 3300 atque
575 3217 683 3299 operis
697 3225 730 3279 et
737 3225 895 3300 quaestus
904 3218 1067 3283 cotidiani
1078 3219 1198 3300 locum,

231 3320 287 3402 qui
302 3339 369 3382 non
386 3316 497 3382 cubile
521 3338 561 3380 ac
585 3316 746 3381 lectulum
768 3340 873 3401 suum,
896 3321 953 3404 qui
970 3319 1110 3406 denique
1130 3341 1198 3384 non

230 3441 363 3483 cursum
377 3419 465 3483 hunc
487 3421 630 3483 otiosum
644 3421 737 3484 vitae
752 3443 832 3485 suae
847 3421 978 3486 salvum
994 3443 1068 3486 esse
1082 3422 1198 3486 velint.

230 3520 336 3585 Multo
358 3543 438 3585 vero
467 3523 614 3586 maxima
636 3543 716 3606 pars
740 3544 868 3604 eorum,
899 3525 954 3608 qui
983 3525 1018 3587 in
1046 3522 1232 3588 tabernisoo

232 3632 318 3705 sunt,
342 3625 440 3687 immo
456 3646 536 3688 vero
552 3660 593 3669 —
609 3624 645 3689 id
661 3626 748 3689 enim
763 3627 873 3709 potius
897 3635 947 3689 est
965 3624 1141 3690 dicendum
1156 3660 1199 3672 -
