2817 4425
502 370 706 434 cuuis-13,
726 372 750 436 g.
768 372 877 420 aa-au.
1150 371 1193 433 33

222 560 396 641 audaciae,
420 562 449 623 ai
464 559 658 644 impendens
674 561 805 644 patriae
820 558 1005 643 perieulum
1015 581 1067 623 me
1078 580 1192 623 neees-

223 664 311 725 sario
328 661 368 726 de
383 661 447 726 hae
463 663 567 725 animi
582 661 721 726 lenitate
741 662 927 744 deduxerit,
943 661 1028 725 illud
1043 661 1191 745 profecto

125 834 127 838 Α
221 765 400 850 perficiam,
423 763 512 848 quod
534 766 570 827 in
592 772 686 827 tanto
711 772 744 828 et
766 773 837 828 tam
852 762 1013 827 insidioso
1029 762 1116 827 bello
1132 764 1191 826 vix

222 866 404 951 optandum
416 865 559 947 videtur,
571 876 609 929 ut
620 887 727 949 neque
739 865 846 930 bonus
859 868 1034 951 quisquam
1046 868 1190 929 intereat

200 977 212 1037 i
220 989 466 1052 paucorumque
488 989 595 1051 poena
617 988 678 1030 vos
702 989 815 1031 omnes
838 967 925 1031 salvi
948 990 1021 1031 esse
1042 969 1189 1052 possitis.

323 1068 418 1149 Quae
436 1069 567 1155 quidem
583 1090 767 1154 egenaque
788 1092 862 1134 mea
884 1070 1061 1153 prudentia
1083 1090 1224 1153 nequeas

222 1171 374 1235 humanis
388 1172 537 1237 consiliis
550 1172 654 1236 fretus
667 1172 943 1257 polliceorvobis,
958 1171 1116 1253 Quirites,
1130 1172 1189 1235 sed

221 1273 333 1338 multis
350 1286 383 1338 et
398 1296 464 1338 non
483 1273 594 1338 dubiis
611 1274 747 1339 deorum
769 1274 1004 1339 immortalium
1021 1274 1188 1356 significa-

221 1376 378 1459 tionibuS,
402 1376 520 1461 quibus
546 1396 606 1459 ego
624 1376 765 1440 ducibus
782 1380 816 1441 in
832 1376 918 1441 hane
944 1398 1034 1461 spem
1057 1386 1188 1439 senten·

188 1512 212 1549 10
221 1481 364 1563 tiamque
395 1502 466 1544 sum
495 1481 684 1562 ingressus,
719 1482 774 1563 qui
803 1481 870 1543 iam
898 1500 964 1543 non
991 1477 1123 1563 procul,
1152 1490 1188 1541 ut

221 1580 386 1666 quondam
402 1581 564 1663 solebant,
588 1580 632 1645 ab
656 1590 794 1647 externo
817 1581 912 1646 hoste
935 1591 1035 1666 atque
1058 1581 1188 1663 longin-

220 1704 293 1767 quo,
317 1682 453 1748 sedhic
476 1668 670 1767 praesentes
695 1706 753 1748 suo
776 1685 909 1748 numine
937 1692 1038 1767 atque
1060 1684 1186 1749 auxilio

220 1807 279 1849 sua
302 1784 426 1870 templa
449 1795 550 1869 atque
573 1784 665 1849 urbis
681 1795 775 1850 tecta
792 1784 984 1849 defendunt.
1008 1784 1100 1865 Quos
1115 1807 1188 1870 vos,

221 1887 386 1970 Quirites,
409 1889 557 1972 precari,
580 1890 749 1970 venerari,
773 1887 951 1973 implorare
975 1887 1120 1972 debetis,
1140 1899 1187 1972 ut,

187 2014 318 2075 nquam
340 1989 456 2054 urbem
478 1989 736 2074 pulcherrimam
757 1989 1090 2075 florentissimamque
1113 2012 1185 2056 esse

220 2092 405 2173 voluerunt,
429 2092 516 2156 hanc
533 2092 685 2158 omnibus
705 2092 852 2157 hostium
875 2094 980 2176 copiis
1003 2100 1094 2156 terra
1116 2114 1184 2157 ma·

220 2196 312 2279 rique
336 2193 544 2278 superatis'a
577 2195 877 2280 perditissimorum
906 2196 1029 2258 eivium
1056 2193 1183 2261 nefario

219 2298 342 2362 scelere
367 2297 557 2361 defendant.

262 3794 370 3837 ciceronis
384 3795 492 3837 eradonas
505 3795 521 3836 1.
