2817 4425
533 444 610 494 oso.
629 444 704 505 s-e,
723 443 747 510 s.
767 442 875 491 11-15.
1148 440 1188 504 41

322 634 460 700 indiciis
469 630 1027 718 expositisatqueeditis,Quirites,
1037 637 1214 694 senatumt

221 737 381 819 consului,
406 737 446 800 de
470 757 597 799 summa
619 758 655 799 re
677 733 812 819 publica
836 733 915 817 quid
937 733 1009 797 fieri
1030 730 1189 816 placeret.

221 838 343 906 Dictae
360 851 437 903 sunt
460 861 480 903 a
502 837 709 923 principibus
731 838 915 902 acerrimae
931 855 971 898 ac
986 835 1189 899 fortissimae

222 943 418 1023 sententiae,
442 963 524 1026 quas
550 949 685 1005 senatus
711 941 783 1003 sine
805 938 875 1003 ulla
889 940 1056 1003 varietate
1072 950 1123 1004 est
1138 962 1188 1005 se·

200 1055 329 1110 ocutus.
351 1043 397 1108 Et
413 1045 569 1129 quoniam
584 1042 732 1106 nondum
749 1050 800 1105 est
815 1042 1036 1126 perscriptum
1052 1052 1187 1107 senatus

221 1147 418 1228 consultum,
436 1168 479 1209 ex
495 1146 653 1210 memoria
665 1144 773 1225 vobis,
787 1142 947 1225 Quirites,
960 1143 1040 1227 quid
1052 1156 1188 1209 senatus

221 1251 403 1330 censuerit,
432 1268 606 1332 exponam.
650 1246 795 1312 Primum
817 1245 899 1310 mihi
922 1247 1054 1327 gratiae
1075 1246 1188 1311 verbis
1199 1273 1223 1311 u

221 1350 435 1436 amplissimis
458 1360 615 1434 aguntur,
638 1348 727 1435 quod
749 1350 884 1429 virtute,
907 1348 1057 1427 consilio,
1079 1350 1189 1433 provi·

221 1453 336 1519 dantia
348 1476 421 1518 mea
433 1476 486 1518 res
499 1449 961 1539 publicamaximispericulis
971 1452 1015 1514 sit
1027 1449 1189 1532 liberata3

188 1535 341 1653 ildeinde
356 1556 396 1620 L.
414 1556 560 1621 Flaccus
583 1566 616 1620 et
637 1554 674 1619 C.
686 1555 880 1639 Pomptinus
903 1563 1085 1637 praetores,
1101 1552 1190 1637 quod

220 1679 331 1721 eorum
354 1680 454 1743 opera
477 1658 556 1722 forti
579 1656 735 1741 fidelique
757 1677 836 1721 usus
861 1676 978 1736 essem,
1007 1656 1125 1719 merito
1148 1675 1189 1719 ao

219 1762 290 1824 iure
302 1758 502 1841 laudantur,
519 1769 619 1844 atque
636 1760 736 1822 etiam
748 1760 820 1822 viro
836 1757 926 1839 forti,
943 1755 1095 1839 collegae
1106 1778 1190 1839 meo,

219 1862 292 1925 laus
316 1864 516 1947 impertitur,
546 1860 635 1946 quod
658 1882 725 1943 eos,
749 1862 805 1945 qui
828 1859 925 1923 buius
949 1859 1189 1923 coniurationis

219 1964 403 2048 participes
419 1964 572 2044 fuissent,
596 1985 617 2026 a
634 1963 702 2027 suis
719 1971 752 2026 et
767 1984 788 2025 a
803 1963 853 2026 rei
868 1960 1024 2046 publicae
1039 1961 1188 2026 consiliis

188 2054 443 2154 rs‘removisaetj
471 2065 582 2151 Atque
606 2068 656 2130 ita
679 2073 893 2147 censuerunt,
915 2073 953 2127 ut
968 2064 1004 2127 P.
1013 2062 1189 2146 Lentulus,

221 2188 296 2232 cum
319 2189 354 2232 se
376 2177 535 2252 praetura
559 2166 769 2249 abdicasset,
799 2168 834 2231 in
863 2166 1051 2232 custodiam
1078 2165 1189 2231 trade·

220 2279 327 2352 retur,
349 2271 494 2355 itemque
515 2271 566 2335 uti
584 2270 620 2336 C.
637 2268 816 2352 Cethegus,
832 2268 873 2332 L.
886 2268 1052 2351 Statilius,
1069 2270 1105 2334 P.
1122 2267 1188 2334 Ga·

218 2372 340 2453 binius,
369 2374 425 2456 qui
449 2394 561 2437 omnes
584 2381 779 2457 praesentes
809 2381 915 2452 erant,
943 2372 979 2435 in
1001 2371 1189 2437 custodiam

218 2472 448 2556 traderentur3
465 2486 565 2559 atque
583 2472 672 2538 idem
683 2473 746 2537 hoc
760 2473 930 2538 decretum
942 2484 992 2538 est
1004 2477 1039 2538 in
1051 2474 1092 2539 L.
1107 2473 1188 2540 Cas·
1242 2483 1254 2497 ²

186 2579 314 2657 sosium,
338 2578 395 2660 qui
407 2576 470 2641 sibi
487 2578 756 2661 procurationem
771 2574 1003 2640 incendendae
1024 2576 1117 2642 urbis
1133 2576 1188 2641 de·

218 2664 494 2763 poposcerat[in
518 2677 562 2741 Μ.
587 2677 781 2762 Ceparium,
809 2679 863 2741 cui
887 2677 932 2741 ad
955 2677 1187 2743 sollicitandos

218 2789 369 2862 pastores
401 2779 559 2867 Apuliam
588 2779 789 2844 attributam
812 2802 885 2844 esse
904 2790 977 2844 erat
993 2781 1187 2861 indicatum,

219 2883 253 2943 in
268 2880 304 2944 P.
319 2879 468 2961 Furium,
492 2882 549 2965 qui
572 2889 623 2944 est
647 2881 747 2944 exiis
763 2879 901 2961 colonis,
925 2902 1007 2964 quos
1022 2881 1187 2946 Faesulas

217 2981 257 3043 L.
274 2979 368 3045 Sulla
392 2982 542 3064 deduxit,
565 2984 600 3046 in
618 2980 657 3061 Q.
674 2981 821 3047 Annium
837 2980 1020 3064 Chilonem,
1044 2985 1099 3067 qui
1121 3006 1188 3048 una

184 3101 293 3147 oscum
320 3081 383 3146 hoc
410 3082 512 3146 Furio
548 3103 677 3167 semper
707 3093 780 3147 erat
813 3084 848 3146 in
881 3081 945 3148 hac
967 3082 1189 3167 Allobrogum

218 3183 456 3249 sollicitatione
471 3193 637 3265 versatus,
661 3185 696 3248 in
712 3185 748 3249 P.
764 3184 978 3265 Umbrenum,
994 3183 1188 3252 libertinum

215 3287 391 3366 hominem,
414 3308 435 3350 a
458 3306 521 3369 quo
544 3286 687 3369 primum
708 3282 826 3349 Gallos
850 3285 895 3348 ad
911 3283 1092 3350 Gabinium
1114 3308 1186 3371 per·

217 3388 335 3454 ductos
359 3409 434 3451 esse
457 3385 647 3451 constabat.
685 3385 798 3472 Atque
822 3409 861 3450 ea
885 3387 1026 3452 lenitate
1049 3399 1220 3454 senatusue

216 3500 267 3554 est
288 3511 379 3572 usus,
403 3487 562 3569 Quirites,
585 3502 622 3553 ut
644 3511 687 3554 ex
701 3498 798 3552 tanta
822 3491 1052 3555 coniuratione
1075 3501 1186 3556 tanta.

183 3610 279 3676 eoque
301 3593 363 3656 hac
387 3589 602 3655 multitudine
618 3590 877 3655 domesticorum
900 3591 1045 3657 hostium
1067 3614 1186 3658 novem

217 3694 382 3758 hominum
414 3691 715 3777 perditissimorum
747 3713 854 3775 poena
882 3701 920 3758 re'
945 3691 1079 3778 publica
1109 3715 1185 3759 con·
