2817 4425
204 1107 229 1146 Π

167 2926 197 2983 18
205 2937 229 2977 ts

236 377 278 440 32
550 378 588 428 ru
606 379 637 426 u.
656 378 853 428 orrrurran
871 377 898 426 11

237 585 353 648 agrum
367 562 534 630 Gallicum
545 566 768 649 Picenumque
785 566 954 649 praemisi,
973 572 1030 629 aut
1043 565 1204 649 opprimet

236 666 402 731 hominem
424 678 483 731 aut
507 669 577 731 eius
602 689 714 732 omnes
737 678 844 731 motus
867 676 1072 751 conatusque
1094 667 1204 751 prohi-

237 769 339 833 bebit.
362 768 511 853 Reliquis
527 779 639 833 autem
653 768 693 832 de
709 767 808 833 rebus
825 767 1081 850 constituendiS,
1096 777 1204 832 matu·
1293 795 1298 800 ·

237 871 362 953 randiS,
385 872 526 954 agendis
556 874 622 935 iam
646 870 690 935 ad
714 882 866 936 senatum
887 871 1084 952 referemus,
1107 892 1203 955 quem

238 977 350 1038 vocari
373 975 508 1039 videtis.
1212 1002 1227 1039 ὁ

338 1077 434 1141 Nunc
446 1077 532 1158 illos,
549 1080 605 1162 qui
620 1079 656 1142 in
667 1077 749 1142 urbe
761 1087 993 1141 remanserunt
1005 1086 1106 1162 atque
1117 1075 1203 1140 adeo

238 1181 293 1263 qui
324 1189 441 1244 eontra
469 1180 561 1243 urbis
592 1179 735 1244 salutem
766 1181 975 1263 omniumque
997 1188 1145 1243 vestrum
1167 1180 1203 1242 in

237 1281 318 1345 urbe
334 1303 355 1344 a
371 1279 518 1346 Catilina
532 1282 644 1346 relicti
660 1292 748 1364 sunt,
771 1303 970 1366 quamquam
987 1292 1063 1345 sunt
1079 1282 1203 1358 hostes,

238 1396 359 1465 tamen,
383 1385 462 1468 quia
479 1394 554 1448 sunt
571 1387 672 1465 cives,
695 1387 838 1448 monitos
863 1385 964 1448 etiam
987 1394 1087 1468 atque
1102 1386 1204 1450 etiam

237 1486 323 1550 volo.
351 1486 429 1550 Mea
444 1485 566 1550 lenitas
587 1486 697 1550 adhuc
711 1488 739 1551 si
751 1488 804 1551 cui
822 1486 961 1551 solutior
971 1488 1045 1550 visa
1064 1497 1125 1567 est,
1140 1487 1239 1552 hocro

238 1584 458 1673 exspectavit,
482 1598 519 1652 ut
539 1589 585 1672 id,
608 1588 697 1674 quod
711 1588 852 1670 latebat,
876 1597 1071 1672 erumperet.
1107 1589 1205 1669 Quod

238 1691 400 1776 reliquum
416 1702 476 1772 est,
493 1694 560 1756 iam
575 1713 642 1755 non
657 1713 793 1776 possum
809 1690 965 1756 oblivisci
987 1713 1094 1755 meam
1116 1691 1203 1756 hano

239 1816 311 1858 esse
333 1796 487 1879 patriam,
514 1816 567 1857 me
589 1793 707 1858 horum
730 1815 804 1857 esse
826 1792 1006 1874 consulem,
1034 1791 1115 1857 mihi
1144 1803 1204 1857 aut

237 1918 312 1960 cum
340 1897 391 1960 his
420 1894 601 1958 vivendum
632 1904 689 1958 aut
716 1917 776 1979 pro
805 1896 857 1959 his
886 1919 960 1960 esse
986 1895 1203 1961 moriendum.

236 1997 354 2062 Nullus
378 2008 429 2062 est
451 1997 554 2080 portis
578 2005 701 2077 custos,
724 1997 836 2061 nullus
859 1998 1038 2063 insidiator
1058 2000 1153 2081 viae,
1176 1999 1239 2063 siis

238 2103 294 2184 qui
317 2101 408 2165 exire
426 2098 553 2180 volunt,
576 2100 731 2162 conivere
753 2121 903 2182 possum3
931 2103 987 2183 qui
1009 2123 1088 2164 vero
1111 2124 1147 2165 se
1169 2103 1204 2164 in

238 2201 320 2267 urbe
336 2203 560 2283 commoverit,
585 2201 680 2265 cuius
704 2221 766 2283 ego
789 2224 855 2265 non
870 2202 968 2265 modo
984 2202 1121 2283 factum,
1145 2202 1205 2266 sed

239 2308 407 2389 inceptum
431 2304 534 2369 ullum
557 2314 757 2369 conatumve
780 2312 899 2368 contra
921 2307 1067 2387 patriam
1091 2305 1204 2389 depre-

238 2407 399 2489 hendero,
429 2410 551 2472 sentiet
578 2408 614 2472 in
641 2406 705 2471 hac
733 2407 817 2470 urbe
846 2428 919 2470 esse
942 2406 1096 2471 consules
1119 2408 1204 2489 vigi·

238 2509 357 2591 lantes,
381 2532 455 2573 esse
479 2512 631 2592 egregios
654 2511 885 2591 magistratus,
909 2531 983 2573 esse
1011 2509 1132 2573 fortem
1154 2530 1237 2572 sea

238 2620 364 2692 natum,
389 2633 462 2676 esse
485 2634 589 2693 arma,
618 2634 691 2676 esse
715 2633 893 2693 carcerem,
918 2633 1015 2696 quem
1037 2612 1205 2675 vindicem

238 2714 440 2779 nefariorum
452 2734 492 2777 ac
505 2712 758 2777 manifestorum
770 2712 932 2776 scelerum
943 2715 1086 2776 maiores
1098 2715 1205 2777 nostri

238 2838 312 2882 esso
333 2816 519 2880 voluerunt.

340 2921 451 3007 Atque
480 2921 697 2985 haecomnia
722 2921 771 2983 sic
795 2928 954 3002 agentur,
978 2918 1141 3002 Quirites,
1169 2933 1206 2985 ut

239 3026 406 3089 maximae
429 3045 483 3088 res
506 3024 641 3088 minimo
664 3031 767 3105 motu,
789 3021 939 3107 pericula
964 3044 1091 3087 summa
1114 3022 1205 3087 nullo
1215 3040 1239 3079 ²³

241 3127 390 3210 tumultu,
413 3124 537 3191 bellum
560 3126 755 3189 intestinum
771 3146 811 3189 ac
828 3124 1046 3189 domesticum
1059 3135 1134 3210 post
1150 3125 1205 3188 ho-

240 3232 363 3295 minum
384 3232 576 3295 memoriam
598 3226 863 3293 crudelissimum
892 3236 925 3291 et
952 3228 1133 3292 maximum
1154 3248 1206 3289 me

240 3356 304 3398 uno
329 3343 445 3416 togato
470 3333 552 3397 duce
576 3342 609 3395 et
631 3333 832 3416 imperatore
856 3329 1000 3394 sedetur.
1031 3328 1128 3409 Quod
1144 3348 1205 3409 ego

241 3439 289 3501 sic
312 3434 570 3516 administrabo,
598 3433 763 3514 Quirites,
790 3441 842 3514 ut,
873 3434 901 3496 si
923 3431 991 3496 ullo
1013 3429 1111 3494 modo
1133 3428 1205 3492 fieri

241 3540 373 3623 poterit,
389 3560 430 3601 ne
446 3534 615 3621 improbus
632 3534 765 3620 quidem
781 3536 957 3619 quisquam
979 3536 1014 3597 in
1036 3530 1099 3595 hac
1122 3530 1239 3595 urben

240 3662 380 3724 poenam
398 3641 448 3703 sui
472 3638 607 3703 sceleris
631 3637 778 3702 sufferet.
813 3634 879 3701 Sed
894 3639 923 3700 si
939 3636 991 3699 vis
1006 3633 1205 3699 manifestae
