2817 4425
239 354 284 420 54
545 355 584 406 m
600 354 633 406 n.
651 353 850 405 carminum
867 354 905 404 1v

241 544 406 610 inclinant
428 554 528 630 atque
551 545 750 624 sententiae,
775 543 990 607 statuendum
1011 541 1107 606 vobis
1132 553 1212 609 ante

240 658 372 713 noctem
396 658 457 711 est.
487 647 656 728 Quantum
679 646 809 709 facinus
833 645 878 709 ad
900 666 960 708 vos
984 645 1133 710 delatum
1155 650 1211 729 sit,

241 750 374 814 videtis.
403 751 491 814 Huic
508 751 537 814 si
551 770 678 833 paucos
701 749 829 832 putatis
853 747 981 813 adfines
1006 770 1090 828 esse,
1112 749 1211 814 vehe-

240 861 368 916 menter
384 854 515 916 erratis.
558 851 679 914 Latius
704 853 859 935 opinione
883 849 1137 916 disseminatum
1160 863 1213 918 est

241 955 303 1020 hoc
318 955 458 1036 malum3
480 955 632 1018 manavit
647 975 715 1016 non
732 951 838 1017 solum
860 974 919 1036 per
933 952 1079 1033 Italiam,
1095 975 1234 1019 verume

242 1060 342 1122 etiam
357 1056 568 1121 transcendit
581 1054 684 1139 Alpes
708 1063 741 1118 et
765 1053 906 1118 obscure
929 1076 1064 1138 serpens
1087 1055 1212 1122 multas

242 1163 307 1224 iam
324 1160 515 1244 provincias
539 1157 727 1241 occupavit.
763 1155 805 1221 Id
828 1158 968 1240 opprimi
991 1159 1212 1224 sustentando

241 1271 299 1326 aut
322 1259 522 1346 prolatando
545 1258 637 1323 nullo
660 1268 760 1343 pacto
783 1267 908 1341 potest3
932 1279 1137 1343 quacumque
1158 1283 1213 1325 ra·

241 1365 331 1427 tione
353 1362 474 1447 placet,
498 1361 654 1427 celeriter
676 1360 773 1425 vobis
796 1360 1037 1424 vindicandum
1060 1371 1121 1426 est.

191 1471 233 1529 Η
325 1464 433 1530 Video
451 1463 534 1527 duas
551 1462 661 1526 adhuc
685 1484 758 1525 esse
775 1463 970 1541 sententias,
993 1484 1095 1526 unam
1105 1463 1149 1528 D.
1163 1463 1249 1530 Sim

242 1566 322 1648 lani,
351 1567 406 1652 qui
428 1575 544 1629 censet
566 1587 633 1642 eos,
662 1566 719 1649 qui
740 1562 824 1627 haec
848 1563 960 1627 delere
981 1566 1095 1628 conati
1124 1579 1213 1649 sunt,

242 1679 347 1734 morte
376 1691 450 1733 esse
477 1666 684 1746 multandos,
718 1665 860 1730 alteram
888 1666 925 1730 O.
948 1663 1121 1747 Caesaris,
1155 1671 1213 1755 qui

241 1773 358 1836 mortis
387 1791 528 1854 poenam
556 1776 721 1845 removet,
755 1777 942 1832 ceterorum
976 1769 1213 1852 suppliciorum

242 1895 355 1938 omnes
371 1870 575 1936 acerbitates
592 1868 817 1953 amplectitur.
840 1870 989 1954 Uterque
1012 1881 1045 1934 et
1067 1894 1127 1956 pro
1150 1896 1214 1939 sua

243 1976 410 2057 dignitate
426 1982 458 2037 et
474 1994 533 2057 pro
549 1995 659 2036 rerum
673 1972 908 2054 magnitudine
924 1975 958 2036 in
975 1995 1102 2038 summa
1119 1998 1211 2041 seve·
1221 1997 1247 2037 rs

242 2079 344 2142 ritate
360 2084 526 2140 versatur.
561 2074 658 2138 Alter
675 2096 741 2153 eos,
766 2076 822 2159 qui
844 2097 906 2138 nos
923 2097 1036 2140 omnes
1052 2079 1124 2141 vita
1146 2082 1213 2163 pri·

242 2202 323 2245 vare
345 2179 460 2244 conati
484 2187 571 2257 sunt,
596 2178 651 2262 qui
676 2175 788 2241 delere
809 2178 992 2262 imperium,
1021 2181 1077 2264 qui
1099 2180 1214 2266 populi

242 2283 382 2346 Romani
404 2302 524 2343 nomen
546 2280 771 2360 exstinguere,
793 2288 954 2363 punctum
967 2285 1126 2365 temporis
1148 2284 1215 2349 frui

242 2386 314 2447 vita
343 2392 376 2446 et
409 2382 471 2445 hoc
505 2383 670 2444 communi
694 2382 814 2464 spiritu
842 2403 908 2444 non
931 2392 1026 2465 putat
1050 2394 1214 2469 oportere,

244 2494 344 2568 atque
366 2483 429 2546 hoc
453 2502 558 2564 genus
581 2503 710 2565 poenae
739 2503 838 2564 saepe
867 2484 901 2546 in
930 2484 1098 2567 improbos
1122 2490 1249 2553 civesro

244 2590 279 2651 in
301 2586 365 2650 hac
381 2584 567 2669 republica
583 2606 657 2647 esso
672 2595 868 2668 usurpatum
884 2586 1089 2651 recordatur.
1117 2588 1216 2654 Alter

244 2686 428 2769 intellegit,
461 2696 601 2749 mortem
631 2685 674 2749 ab
699 2685 750 2749 dis
779 2687 1022 2751 immortalibus
1051 2711 1118 2753 non
1142 2713 1216 2757 esse

245 2787 399 2875 supplicii
427 2810 531 2852 causa
554 2789 787 2866 constitutam,
817 2788 877 2851 sed
900 2800 959 2853 aut
980 2793 1216 2859 necessitatem

245 2903 385 2957 naturae
401 2899 459 2954 aut
475 2889 626 2953 laborum
642 2910 682 2952 ac
697 2890 908 2953 miseriarum
920 2892 1075 2975 quietem.
1096 2894 1216 2981 Itaque

246 3017 320 3060 eam
343 2993 511 3077 sapientes
540 3010 711 3074 nunquam
730 2991 840 3070 inviti,
863 2990 966 3056 fortes
991 3015 1091 3081 saepe
1114 3001 1251 3064 etiamn

246 3096 390 3161 libenter
419 3095 662 3179 oppetiverunt.
706 3093 852 3157 Vincula
877 3116 955 3159 vero
979 3106 1011 3160 et
1035 3121 1075 3163 ea
1098 3105 1216 3185 sempi-

246 3211 344 3265 terna
367 3208 457 3263 certe
480 3197 524 3261 ad
547 3196 750 3279 singularem
773 3218 914 3281 poenam
936 3201 1057 3265 nefarii
1080 3204 1217 3267 sceleris

248 3305 384 3367 inventa
408 3309 495 3363 sunt.
532 3298 724 3382 Municipiis
750 3298 919 3382 dispertiri
942 3302 1044 3367 iubet.
1081 3305 1217 3369 Habere

247 3405 381 3469 videtur
396 3405 462 3465 ista
477 3425 531 3466 res
552 3404 774 3486 iniquitatem,
792 3404 820 3464 si
835 3405 999 3487 imperare
1015 3406 1110 3484 velis,
1134 3406 1217 3471 diffi-

249 3506 419 3583 cultatem,
443 3505 472 3566 si
495 3524 625 3585 rogare.
662 3502 875 3567 Decernatur
897 3515 1020 3587 tamen,
1044 3510 1073 3571 si
1095 3508 1253 3591 placetso

227 3607 321 3688 sEgo
338 3608 426 3669 enim
444 3606 623 3687 suscipiam
640 3614 682 3682 et,
706 3616 742 3668 ut
766 3627 873 3688 spero,
896 3611 1070 3691 reperiam,
1094 3613 1149 3693 qui
1174 3612 1218 3687 id,
