2817 4425
551 451 713 512 cuns-a
733 452 861 516 §.r-11.
1148 444 1190 508 39

225 636 361 701 fatalem
376 638 462 702 hunc
480 660 602 701 annum
624 659 697 701 esse
719 637 764 701 ad
786 638 957 701 interitum
980 636 1076 701 huius
1098 634 1191 698 urbis

224 748 323 823 atque
345 742 485 823 imperii,
516 742 571 824 qui
600 749 688 803 esset
716 762 824 803 annus
848 739 993 803 decimus
1022 744 1098 821 post
1125 738 1191 800 vir·

224 842 337 921 ginum
366 840 625 923 absolutionem,
657 852 733 926 post
762 839 909 925 Capitoli
939 849 1052 903 autem
1080 840 1191 902 incen-

224 944 350 1006 sionem
365 946 553 1008 vicssimus.
576 943 674 1007 Hanc
689 955 801 1008 autem
816 942 964 1026 Cethego
980 964 1054 1006 cum
1069 942 1225 1010 ceterisro

202 1048 485 1112 scontroversiam
499 1046 602 1111 fuisse
619 1045 787 1126 dixerunt,
802 1044 891 1129 quod
904 1042 1049 1107 Lentulo
1066 1051 1098 1107 et
1114 1040 1191 1106 aliis

225 1144 460 1211 Saturnalibus
476 1148 613 1213 caedem
634 1148 707 1211 fieri
723 1158 824 1232 atque
839 1147 955 1210 urbem
970 1142 1106 1209 incendi
1119 1142 1190 1227 pla-

224 1259 324 1324 ceret,
348 1246 496 1332 Cethego
519 1251 657 1314 nimium
679 1250 715 1314 id
737 1249 874 1331 longum
895 1248 1101 1334 videretup]

307 1350 357 1414 Ac
369 1373 410 1413 ue
418 1350 553 1435 longum
561 1355 614 1432 sit,
624 1349 784 1432 Quirites,
792 1350 937 1415 tabellas
943 1348 1083 1434 proferri
1094 1347 1190 1412 iussi·
1200 1360 1216 1411 t

222 1473 305 1533 mus,
318 1470 433 1537 quae'a
446 1476 574 1540 quoque
588 1453 786 1518 dicebantur
799 1453 909 1517 datae.
924 1452 1035 1516 Primo
1045 1449 1191 1514 ostendi·

189 1580 215 1620 ro
223 1577 294 1618 mus
307 1552 454 1639 Cethego
467 1558 616 1639 signum,
628 1556 802 1638 cognovit,
814 1577 874 1618 nos
887 1554 990 1618 linum
1003 1550 1191 1633 incidimus,

223 1656 375 1739 legimus.
398 1657 483 1722 Erat
503 1662 662 1743 scriptum
675 1660 779 1743 ipsius
796 1679 897 1722 manu
905 1654 1125 1738 Allobrogum
1141 1676 1190 1719 se·

221 1761 315 1822 natui
330 1768 364 1822 et
374 1760 506 1844 populo,
515 1782 598 1841 sese,
606 1782 691 1843 quae
700 1781 814 1824 eorum
821 1758 942 1841 legatis
950 1758 1190 1836 confirmasset,

221 1860 388 1925 facturum
405 1883 487 1942 esse,
508 1883 614 1943 orare,
632 1865 762 1926 utitem
779 1862 830 1925 illi
848 1862 1008 1941 facerent,
1024 1881 1110 1945 quae
1126 1857 1190 1922 sibi

221 1984 335 2027 eorum
349 1962 455 2045 legati
471 1966 687 2047 recepissent.
714 1963 800 2028 Tum
811 1962 990 2047 Cethegus,
1007 1964 1063 2047 qui
1077 1959 1191 2046 paullo

187 2074 300 2129 stante
322 2063 450 2148 aliquid
465 2076 577 2129 tamen
601 2066 642 2129 de
665 2065 791 2148 gladiis
815 2086 855 2129 ac
880 2066 969 2146 sicis,
993 2085 1080 2150 quae
1102 2062 1191 2147 apud

220 2167 329 2252 ipsum
345 2167 666 2252 erantdeprehensa,
678 2168 908 2254 respondisset
919 2157 1136 2251 dixissetque,
1155 2186 1191 2229 se

221 2291 349 2354 semper
376 2269 537 2335 bonorum
559 2270 835 2335 ferramentorum
864 2270 1050 2334 studiosum
1077 2269 1191 2341 fuisse,

219 2375 370 2436 recitatis
376 2373 499 2438 litteris
510 2373 704 2437 debilitatus
711 2383 813 2457 atque
825 2373 978 2437 abiectus
985 2373 1190 2436 conscicntia

219 2484 356 2558 repente
368 2477 541 2539 conticuit.
557 2475 774 2540 Introductus
787 2486 837 2539 est
845 2473 1017 2557 Statilius,
1032 2475 1190 2558 coguovit

185 2585 254 2640 soet
270 2578 402 2658 signum
428 2587 460 2640 et
486 2599 620 2640 manum
637 2599 746 2660 suam3
768 2581 934 2643 recitatae
949 2587 1027 2642 suut
1042 2575 1189 2642 tabellae

219 2679 253 2742 in
283 2677 424 2741 eandem
451 2679 523 2742 fere
553 2681 770 2761 senteutiam3
799 2680 972 2744 confessus
1001 2691 1061 2745 est.
1106 2679 1189 2745 Tum

218 2779 350 2844 ostendi
372 2777 518 2843 tabellas
534 2777 678 2843 Lentulo
696 2790 730 2842 et
746 2782 907 2864 quaesivi,
929 2789 1190 2862 cognosceretne

219 2881 361 2964 signum.
385 2880 523 2945 Adnuit.
542 2878 619 2945 ‘Est
631 2883 732 2963 vero',
754 2885 900 2967 inquam,
920 2874 1047 2947 ‘notum
1057 2882 1189 2968 quidem

220 2985 362 3064 signum,
386 2984 497 3065 imago
521 2984 577 3046 avi
600 2985 660 3063 tui,
684 2982 864 3048 clarissimi
887 2985 962 3064 viri,
984 2987 1041 3068 qui
1063 2986 1189 3050 amavit

185 3087 318 3149 rsunice
346 3086 490 3168 patriam
519 3094 552 3147 et
581 3088 671 3148 cives
703 3107 798 3167 suos3
832 3107 918 3170 quae
945 3086 1079 3171 quidem
1106 3097 1141 3151 te
1169 3109 1189 3152 a

219 3195 314 3250 tanto
326 3184 453 3249 scelere
466 3188 567 3249 etiam
583 3198 675 3250 muta
688 3209 848 3252 revocare
861 3187 997 3252 debuit’.
1013 3189 1190 3272 Leguntur
1200 3209 1222 3247 n

220 3287 336 3352 eadem
352 3289 486 3351 ratione
502 3287 546 3351 ad
570 3301 723 3352 senatum
737 3289 957 3372 Allobrogum
971 3290 1191 3376 populumque

218 3389 364 3454 litterae.
399 3388 435 3454 Si
452 3389 532 3474 quid
549 3390 589 3453 de
605 3389 657 3454 his
673 3391 772 3454 rebus
790 3391 903 3455 dicere
917 3391 1030 3474 vellet,
1053 3394 1118 3457 feci
1133 3415 1189 3478 po·

218 3501 385 3555 testatem.
431 3492 543 3575 Atque
567 3491 623 3554 ille
646 3495 752 3576 primo
776 3493 909 3576 quidem
931 3496 1086 3577 negavit;
1114 3505 1188 3580 post

186 3604 330 3658 soautem
358 3594 548 3677 aliquanto,
578 3603 648 3657 toto
677 3597 744 3658 iam
767 3594 892 3659 indicio
916 3599 1068 3681 exposito
1091 3607 1190 3682 atque

220 3695 321 3778 edito,
334 3699 496 3778 surrexit3
509 3698 675 3780 quaesivit
689 3695 924 3783 aGallis,quid
936 3698 1001 3763 sibi
1015 3709 1102 3763 esset
1115 3720 1187 3765 cum
