2817 4425
191 388 230 450 76

224 573 314 639 byllae
335 574 502 639 interpretes'
518 574 652 636 dicuntur,

224 659 303 708 nisi
325 659 486 708 iubente
514 664 653 709 senatu

224 759 295 793 non
324 742 444 792 licuit
474 741 557 794 adire
587 743 653 808 (sive

225 826 368 895 inspicere,
396 826 563 892 consulere);
582 827 653 892 quod

225 928 278 962 non
295 913 352 962 iere
373 912 576 973 decernebatur,
600 914 654 962 nisi

224 1014 285 1047 cum
303 1014 346 1048 res
364 997 474 1063 publica
485 998 515 1045 in
527 1012 652 1062 magnum

226 1081 369 1133 discrimen
390 1087 448 1133 erat
470 1081 587 1133 adducta
608 1087 655 1131 aut

227 1172 311 1217 taetra
358 1167 482 1232 prodigia
531 1167 655 1216 nuntiata

118 1266 120 1270 ’
226 1257 314 1316 erant,
345 1252 430 1301 veluti
463 1253 540 1316 gravi
574 1254 654 1317 pesti·

226 1337 310 1385 lentie
332 1343 425 1386 exorta
454 1337 524 1402 (Liv.
548 1338 581 1388 V.
604 1338 654 1402 13),

228 1421 299 1470 bello
334 1422 438 1470 Punico
473 1421 591 1472 seeundo
621 1423 654 1471 ob

227 1505 330 1556 cladem
353 1505 486 1555 funestam
505 1505 540 1556 ad
557 1507 654 1556 Trasu-

226 1607 352 1641 mennum
379 1596 518 1656 acceptam
544 1606 569 1644 a.
596 1594 654 1653 217,

227 1675 319 1725 eodem
346 1675 419 1725 bello
442 1691 467 1725 a.
490 1677 549 1730 204.
572 1676 655 1727 Sacra

227 1765 316 1810 autem
340 1760 397 1823 illa,
426 1761 524 1826 quibus
552 1761 654 1826 placari

513 386 628 437 INDEX
645 385 825 438 NOMINUM.

732 573 841 624 dotibus
854 573 946 622 datum
958 576 1097 639 negotium
1110 583 1159 639 cst,

730 663 768 720 ut,
798 664 927 724 quantum
952 657 1078 711 bumana
1109 676 1160 729 ops

730 741 1160 808 potuissentveradiscernerent.

732 829 869 893 Augustus
888 828 1008 877 carmina
1026 827 1161 894 Sibyllina

735 913 823 962 denuo
842 912 996 977 conquisita
1012 913 1042 962 in
1059 915 1159 980 templo

733 997 868 1062 Apollinis
884 995 1005 1047 Palatini
1027 995 1159 1062 deposuit,

733 1083 805 1148 quod
815 1081 987 1131 dedicaverat
994 1096 1018 1131 a.
1025 1084 1067 1132 28.
1073 1085 1159 1134 -Ve-

733 1183 792 1216 rum
808 1167 860 1216 hoc
874 1165 934 1216 loco
945 1166 1004 1230 (111.
1014 1167 1040 1234 9)
1052 1183 1106 1218 non
1118 1168 1161 1218 illi

733 1251 797 1300 libri
817 1250 945 1315 Sibyllini
967 1250 1160 1316 significantur,

734 1336 780 1399 qui
794 1335 1003 1385 asservabantur
1016 1336 1046 1385 in
1059 1337 1160 1404 templo

739 1420 813 1470 Itvis
824 1418 973 1482 Capitolini
986 1426 1014 1470 et
1031 1437 1048 1472 a
1062 1421 1160 1487 Xviris,

733 1509 827 1569 postea
836 1503 951 1554 XVviris
964 1505 1048 1556 sacris
1057 1506 1160 1558 faciun-

735 1590 776 1638 dis
807 1589 1017 1639 consulebantur
1049 1591 1160 1644 iubente

733 1679 837 1736 senatu,
851 1674 899 1725 sed
908 1674 957 1724 alii
972 1674 1043 1738 libri,
1063 1677 1161 1741 quibus

733 1759 879 1810 utebantur
903 1759 1025 1810 homiues
1052 1761 1161 1824 privati.

698 1845 725 1899 Ι..
743 1842 869 1901 Sitillius
888 1844 937 1896 III.
955 1847 980 1905 6,
998 1858 1088 1910 eques,
1109 1843 1160 1894 Oa·

733 1929 828 1979 tilinae
846 1930 946 1981 socius.

698 2014 776 2069 Sulla
792 2032 819 2067 v.
838 2013 987 2065 Cornelius.

698 2098 726 2154 Β.
744 2097 883 2166 Sulpicius
900 2098 950 2148 HL
967 2102 992 2160 8,
1010 2104 1120 2165 praetor
1135 2115 1160 2151 a

732 2185 774 2247 63,
792 2184 870 2234 homo
889 2185 1028 2250 ceteroqui
1044 2186 1160 2251 ignotus.

699 2270 726 2323 Ρ.
740 2268 878 2336 Sulpicius
897 2269 980 2323 nutus
998 2269 1048 2323 HL
1059 2271 1100 2331 24,
1113 2272 1158 2320 tri-

731 2356 820 2405 bunus
829 2355 866 2419 pl.
876 2369 900 2404 a
910 2355 943 2403 88
955 2359 1063 2404 auctore
1072 2355 1159 2405 Mario

731 2440 806 2504 leges
816 2440 919 2504 aliquot
928 2438 990 2488 tulit
995 2440 1160 2503 perniciosas

227 1861 305 1912 posse
315 1845 425 1895 deorum
436 1847 504 1895 iram
516 1847 654 1896 inventum

228 1936 268 1979 est
280 1931 308 1978 in
318 1929 395 1978 libris
404 1930 541 1993 fatalibus,
556 1931 607 1980 rite
624 1935 655 1980 ut

227 2013 328 2080 flerent,
334 2015 415 2063 iidem
426 2015 557 2064 curabant
566 2031 653 2066 sacer-

231 2099 305 2149 dotes
333 2101 442 2149 sacris
469 2100 653 2150 faciundis.

227 2183 283 2235 Nec
301 2185 405 2247 mirum,
424 2201 484 2235 cum
499 2187 527 2235 in
540 2183 655 2237 Graecia

228 2272 347 2320 carmina
357 2270 478 2335 Sibyllae
490 2278 578 2322 esseut
588 2279 654 2336 orta,

228 2353 339 2405 Graecis
347 2354 364 2420 ¹)
383 2357 498 2406 maxime
520 2357 571 2407 diis
593 2358 655 2408 dea·

227 2443 330 2506 busque
354 2441 432 2491 libris
451 2441 591 2506 Sibyllinis
614 2444 653 2492 iu·

228 2526 353 2575 bentibus
372 2542 447 2575 sacra
465 2542 524 2576 esse
538 2528 611 2577 iacta
627 2533 654 2577 et

229 2610 331 2660 Graeco
365 2610 472 2675 quidem
508 2613 570 2661 ritu.
600 2611 653 2662 Sed

231 2712 292 2745 cum
312 2695 384 2745 bello
403 2696 476 2744 civili
494 2712 518 2745 a.
537 2698 569 2746 83
587 2703 653 2746 tom·

229 2781 302 2846 plum
316 2782 388 2831 lovis
404 2780 550 2845 Capitolini
573 2782 652 2831 defla-

230 2871 326 2930 graret,
345 2866 408 2915 libri
426 2868 506 2915 etiam
526 2865 653 2931 Sibyllini

233 2952 356 3001 incendio
370 2951 452 3001 deleti
470 2956 539 3001 sunt.
557 2952 652 3016 ltaque

229 3043 322 3102 postea
332 3036 461 3102 quaesitis
473 3036 592 3100 undique
605 3052 653 3100 per

227 3127 309 3171 totam
337 3121 486 3180 Graeciam,
510 3137 557 3185 per
583 3121 653 3169 Afri-

228 3223 286 3257 cam
311 3209 392 3256 etiam
420 3213 446 3255 et
474 3206 596 3256 Siciliam
627 3213 653 3254 et

228 3291 347 3340 colonias
365 3291 528 3340 Graecorum
541 3292 652 3339 Italicas

228 3377 391 3426 carminibus
415 3375 543 3438 Sibyllae,
564 3391 651 3424 sacer-

245 3580 265 3647 1>
285 3581 369 3630 veluti
398 3581 524 3645 Apollini,
547 3581 651 3629 Dianae

731 2524 829 2585 veluti,
856 2532 886 2573 ut
915 2523 1021 2575 exsules
1050 2540 1160 2575 revoca·

731 2617 830 2671 rentur,
841 2615 871 2657 ut
881 2609 910 2658 C.
920 2610 1023 2660 Marius
1033 2608 1160 2660 inlocum

733 2694 824 2744 Sullae
837 2694 966 2744 adversus
978 2694 1160 2744 Mithridatem

733 2780 786 2828 dux
798 2784 942 2841 crearetur,
955 2784 981 2827 et
991 2780 1022 2840 Q.
1032 2779 1159 2843 Pompeio

732 2866 837 2915 consuli
850 2865 986 2914 resistenti
995 2866 1050 2913 vim
1062 2865 1160 2927 intulit,

732 2949 1160 3015 Q.Pompeium,cousulisfilium,

733 3035 825 3085 Sullae
844 3050 979 3099 generum,
999 3035 1106 3084 occidit.
1125 3035 1161 3085 At

733 3122 817 3181 Sulla,
826 3120 895 3170 alter
905 3120 1008 3183 consul,
1015 3136 1076 3169 cnm
1086 3136 1159 3170 exer·

732 3208 788 3256 citu
805 3207 833 3254 in
852 3206 946 3254 urbem
961 3206 1044 3265 venit,
1058 3204 1160 3269 Sulpici

732 3297 759 3340 et
783 3291 853 3340 Mari
880 3290 1023 3339 factionem
1050 3288 1159 3353 expulit,

732 3376 882 3439 Sulpicium
896 3391 928 3423 ex
940 3374 1005 3438 fuga
1016 3377 1158 3423 retractum

731 3460 830 3509 occidit
847 3476 872 3509 a.
890 3462 931 3509 88.

193 3648 349 3717 (Ἀρτέμιδι),
372 3649 502 3708 Latonae,
524 3648 650 3698 Aescula.
697 3630 906 3697 Turulliuslli,
915 3628 1048 3679 Catilinae
1059 3630 1156 3679 socius.

194 3720 245 3782 pio,
264 3719 447 3781 Proserpinae,
470 3717 538 3765 aliis.

697 3717 850 3782 Torquatus
869 3732 894 3766 v.
914 3714 999 3764 Cotta
