2817 4425
544 442 620 492 cAP.
641 443 715 503 ⁷-o,
735 442 758 507 §-
778 444 886 491 re-ra
1152 441 1190 504 61

227 647 332 708 genus
344 629 406 694 hoo
419 634 610 696 universum
623 634 889 697 amantissimum
905 644 954 695 est
968 633 1037 695 otii.
1057 631 1192 695 Etenim

227 753 322 795 omne
350 734 619 817 instrumentum,
648 736 754 800 omnis
777 756 878 818 opera
905 745 1005 817 atque
1034 744 1191 818 quaestus

225 834 413 918 frequentia
436 838 560 899 civium
579 846 796 919 sustentatur,
821 836 923 899 alitur
946 838 1031 916 otio,
1055 857 1192 919 quorum

226 938 254 1001 si
270 947 429 1021 quaestus
453 939 595 1003 occlusis
617 938 767 1003 tabernis
790 940 894 1001 minui
906 936 1002 1019 solet,
1024 936 1104 1021 quid
1118 946 1191 1001 tan·

204 1038 301 1106 sdem
323 1042 469 1105 incensis
491 1041 637 1104 futurum
658 1040 744 1103 fuit?

311 1140 406 1221 Quae
421 1164 496 1207 cum
518 1145 565 1207 ita
589 1145 664 1224 sint,
686 1152 801 1227 patres
816 1143 1009 1227 conscripti,
1024 1142 1120 1207 vobis
1135 1150 1251 1227 pota

223 1244 296 1330 puli
316 1245 457 1309 Romani
479 1246 649 1331 praesidia
671 1267 739 1309 non
763 1245 900 1326 desunt3
923 1266 982 1309 vos
1005 1266 1048 1307 ne
1069 1246 1190 1330 populo

222 1347 372 1412 Romano
390 1348 505 1414 deesse
520 1350 711 1429 videamini,
734 1350 918 1433 providete.
946 1348 1090 1412 Habetis
1114 1371 1191 1412 oon-

224 1449 331 1513 sulem
360 1472 402 1515 ex
432 1451 581 1535 plurimis
609 1450 768 1535 periculis
797 1461 830 1515 et
858 1451 989 1515 insidiis
1019 1460 1120 1534 atque
1148 1475 1191 1517 ex

191 1552 335 1617 remedia
356 1565 462 1617 morte
484 1576 550 1617 non
573 1554 618 1617 ad
639 1556 745 1617 vitam
768 1576 877 1633 suam,
901 1552 961 1615 sed
982 1552 1028 1616 ad
1050 1552 1191 1617 salutem

223 1665 371 1719 vestram
382 1668 605 1737 reservatum3
629 1678 741 1720 omnes
765 1656 898 1720 ordines
922 1655 967 1719 ad
990 1675 1190 1719 conservan-

225 1756 303 1821 dam
322 1780 394 1821 rem
415 1758 585 1842 publicam
599 1768 720 1838 mente,
743 1756 929 1838 voluntate,
944 1778 1027 1820 voce
1049 1778 1189 1821 eonsen-

222 1861 328 1941 tiunt3
351 1860 490 1925 obsessa
505 1860 635 1924 facibus
653 1870 685 1923 et
700 1860 779 1923 telis
803 1860 925 1943 impiae
947 1860 1187 1924 coniurationis

221 1962 318 2027 vobis
335 1963 476 2047 supplex
490 1985 609 2026 manus
624 1962 733 2026 tendit
748 1963 860 2045 patria
875 1963 1069 2041 communis,
1091 1961 1187 2025 vobis

190 2085 270 2147 rsse,
286 2064 382 2128 vobis
397 2066 503 2129 vitam
519 2067 663 2129 omnium
678 2065 812 2144 civium,
835 2062 931 2127 vobis
947 2084 1058 2127 arcem
1074 2073 1106 2127 et
1123 2062 1186 2127 Oa·

219 2166 383 2253 pitolium,
405 2166 501 2231 vobis
525 2189 602 2231 aras
624 2166 810 2247 Penatium,
839 2164 935 2229 vobis
958 2163 1052 2228 illum
1074 2167 1186 2247 ignem

219 2269 346 2333 Vestae
365 2272 610 2355 sempiternum,
632 2269 728 2333 vobis
745 2270 890 2332 omnium
905 2267 1041 2332 deorum
1062 2269 1186 2354 templa

220 2382 321 2457 atque
337 2372 486 2456 delubra,
509 2372 605 2436 vobis
619 2393 730 2435 muros
754 2380 854 2455 atque
875 2370 968 2433 urbis
991 2379 1084 2433 tecta
1098 2391 1185 2435 com-

218 2475 366 2540 mendat.
388 2476 569 2540 Praeterea
586 2474 626 2538 de
640 2485 755 2538 vestra
769 2476 851 2552 vita,
876 2473 917 2536 de
932 2475 1110 2555 coniugum
1128 2498 1183 2538 ve-

185 2587 364 2645 rostrarum
376 2588 475 2661 atque
489 2577 667 2640 liberorum
680 2578 802 2654 anima,
819 2574 860 2638 de
871 2574 1014 2638 fortunis
1028 2577 1182 2659 omnium,

220 2678 261 2742 de
277 2679 422 2758 sedibus,
446 2679 487 2742 dc
502 2678 586 2742 focis
602 2679 725 2742 vestris
740 2676 900 2740 hodierno
918 2677 971 2740 die
986 2676 1081 2741 vobis
1098 2679 1181 2741 iudi·

218 2783 362 2847 candum
384 2792 444 2846 est.
489 2780 632 2845 Habetis
656 2780 773 2844 ducem
794 2802 971 2844 memorem
986 2783 1102 2860 vestri,
1125 2781 1181 2844 ob·
1191 2802 1215 2838 1⁹

217 2883 313 2949 litum
329 2888 390 2968 sui,
413 2907 498 2970 quae
519 2907 587 2949 non
610 2905 739 2968 semper
753 2883 896 2948 facultas
914 2883 1028 2963 datur3
1050 2882 1182 2947 habetis

218 3007 330 3049 omnes
347 2987 490 3064 ordines,
512 3008 624 3050 omnes
639 2985 799 3066 homines,
814 2986 1005 3048 universum
1027 2985 1182 3068 populum

184 3087 416 3169 aoRomanum,
449 3087 485 3150 id
512 3087 600 3172 quod
627 3089 661 3150 in
689 3086 782 3150 civili
810 3108 912 3149 causa
942 3085 1100 3149 hodierno
1129 3086 1182 3150 die

216 3191 358 3274 primum
370 3187 531 3270 videmus,
545 3211 646 3253 unum
662 3198 762 3272 atque
777 3188 865 3252 idem
882 3190 1089 3252 sentientem.
1120 3186 1182 3252 Co·

216 3293 334 3375 gitate,
347 3289 659 3375 quantislaboribus
672 3290 848 3354 fundatum
861 3291 1043 3373 imperium,
1056 3300 1182 3373 quanta

215 3395 341 3458 virtute
365 3390 550 3456 stabilitam
572 3390 772 3472 libertatem,
797 3400 922 3476 quanta
939 3391 1075 3454 deorum
1090 3391 1181 3455 beni-

218 3497 347 3577 gnitate
376 3503 493 3558 auctas
523 3503 814 3578 exaggeratasque
841 3494 992 3557 fortunas
1021 3515 1088 3556 una
1115 3516 1183 3558 nox

185 3616 321 3683 aopaene
351 3597 480 3661 delerit.
524 3596 564 3661 Id
591 3619 633 3660 ne
661 3618 806 3680 unquam
834 3596 974 3680 posthac
996 3617 1063 3659 non
1085 3596 1182 3660 modo

218 3700 350 3775 confici,
380 3699 440 3764 sed
468 3722 510 3764 ne
540 3700 684 3782 cogitari
707 3698 840 3780 quidem
868 3700 975 3782 possit
998 3721 1018 3762 a
1041 3698 1181 3778 civibus,
