2817 4425
522 401 599 454 oso.
617 403 710 463 e-rr,
728 401 752 467 s.
770 400 879 452 oa-oe.
1143 396 1184 461 47

219 603 251 658 et
267 604 392 678 quanta
415 591 608 658 calamitate
629 593 677 656 rei
692 589 857 675 publicae.
880 588 1049 653 Dissensit
1064 587 1109 651 M.
1121 586 1185 651 Le·

217 694 315 779 pidus
342 718 362 759 a
390 694 577 759 clarissimo
607 714 647 756 ac
675 691 855 757 fortissimo
884 692 957 755 viro
986 690 1027 771 Q.
1050 686 1187 771 Catulo,

219 796 332 861 attulit
354 818 421 861 non
444 806 513 861 tam
528 796 632 880 ipsius
648 796 804 859 interitus
819 794 868 857 rei
883 791 1038 878 publicae
1060 791 1186 857 luctum

219 919 317 982 quam
332 907 527 963 ceterorum.
550 896 660 980 Atque
683 895 763 960 illae
785 904 898 959 tamen
922 914 1034 958 omnes
1059 892 1221 963 disson-s

198 1002 329 1065 ⁶siones
353 1009 449 1064 erant
473 997 667 1080 eiusmodi,
691 995 850 1077 Quirites,
874 1018 959 1081 quae
980 1016 1047 1060 non
1070 994 1116 1059 ad
1131 994 1186 1059 de·

218 1100 362 1183 lendum,
392 1101 451 1166 sed
473 1100 518 1165 ad
541 1098 812 1165 commutandam
833 1122 902 1164 rem
923 1098 1093 1183 publicam
1114 1119 1186 1182 per·

219 1204 374 1269 tinerent.
408 1202 482 1267 Non
498 1202 549 1267 illi
565 1202 692 1266 nullam
708 1224 781 1265 esse
797 1199 1061 1285 rempublicam,
1076 1198 1138 1264 sed
1153 1202 1186 1263 in

219 1325 269 1385 ea,
286 1326 371 1389 quae
387 1312 486 1384 esset,
503 1326 538 1367 se
557 1324 630 1367 csse
647 1303 827 1387 principes,
848 1324 955 1387 neque
970 1301 1057 1387 hanc
1072 1300 1187 1367 urbem

219 1406 444 1489 conflagrare,
472 1405 533 1469 sed
556 1427 591 1469 se
614 1406 648 1469 in
671 1405 735 1469 hac
759 1404 841 1468 urbe
862 1404 979 1468 florere
1001 1403 1186 1468 voluerunt·

187 1523 212 1564 1⁰
219 1508 329 1594 Atque
344 1508 423 1573 illae
438 1519 550 1573 tamen
563 1529 675 1572 omnes
689 1506 925 1588 dissensiones,
941 1528 1080 1591 quarum
1094 1506 1187 1571 nulla

221 1613 360 1676 exitium
381 1614 430 1676 rei
452 1610 607 1696 publicae
631 1612 808 1695 quaesivit,
838 1612 909 1674 eius
931 1609 1021 1674 modi
1043 1609 1187 1691 fuerunt,

218 1723 336 1778 utnon
352 1714 626 1780 reconciliatione
643 1712 855 1794 concordiae,
880 1712 939 1776 sed
961 1711 1188 1777 internecione

218 1818 341 1881 civium
354 1816 562 1880 diiudicatae
583 1818 660 1879 sint.
689 1816 729 1879 In
746 1815 808 1879 hoc
826 1824 938 1879 autem
954 1836 1020 1879 uno
1038 1824 1113 1899 post
1130 1814 1187 1879 ho·

218 1922 344 1983 minum
370 1920 563 1983 memoriam
590 1918 736 1982 maximo
765 1916 1061 2001 crudelissimoque
1088 1915 1188 1997 bello,

187 2020 318 2104 equale
334 2019 457 2083 bellum
472 2018 565 2083 nulla
581 2040 727 2103 unquam
742 2017 904 2082 barbaria
920 2040 995 2083 cum
1011 2040 1071 2082 sua
1087 2028 1187 2101 gente

220 2123 335 2204 gessit,
359 2143 423 2205 quo
447 2122 481 2184 in
504 2120 591 2184 bello
618 2120 674 2185 lex
697 2120 781 2185 haec
804 2120 866 2185 fuit
883 2143 903 2183 a
918 2120 1073 2202 Lentulo,
1096 2118 1187 2185 Cati·

219 2224 300 2306 lina,
313 2222 471 2307 Cethego,
488 2222 605 2288 Cassio
623 2226 817 2304 constituta,
833 2233 871 2287 ut
883 2244 1007 2303 omnes,
1019 2225 1075 2307 qui
1092 2222 1187 2287 salva

219 2326 301 2392 urbe
324 2326 410 2391 salvi
434 2349 506 2391 esse
528 2337 682 2412 possent,
705 2328 740 2390 in
764 2325 908 2390 bostium
930 2347 1066 2390 numero
1090 2325 1187 2389 duce·

219 2438 344 2510 rentur,
368 2430 416 2492 ita
431 2450 483 2491 me
500 2428 600 2510 gessi,
625 2427 783 2507 Quirites,
806 2437 842 2491 ut
867 2426 951 2492 salvi
975 2449 1088 2492 omnes
1110 2449 1188 2492 con·

188 2532 448 2612 ”servaremini
478 2541 521 2610 et,
550 2553 624 2594 cum
647 2530 761 2611 hostes
783 2533 888 2594 vestri
911 2541 1041 2595 tantum
1064 2532 1187 2595 civium

221 2634 464 2718 superfuturum
486 2644 676 2718 putassent,
708 2643 866 2718 quantum
889 2634 1020 2698 infinita
1043 2657 1061 2697 e
1084 2633 1187 2698 caede

220 2737 414 2816 restitisset,
446 2745 578 2799 tantum
602 2746 713 2799 autem
736 2735 845 2816 urbis,
875 2747 1034 2820 quantum
1055 2736 1187 2800 flamma

221 2835 311 2902 obire
332 2859 399 2901 non
422 2840 596 2922 potuisset,
621 2847 654 2902 et
677 2835 793 2900 urbem
816 2847 847 2900 et
866 2838 958 2900 cives
974 2839 1123 2920 integros
1139 2840 1187 2901 in·

220 2937 430 3024 columesque
455 2943 597 3004 servavi.

187 3055 212 3095 ¹⁶
323 3040 450 3120 Quibus
473 3065 531 3126 pro
548 3045 651 3107 tantis
669 3042 778 3123 rebus,
803 3041 962 3123 Quirites,
984 3041 1264 3124 nullanegotia

221 3165 241 3205 a
257 3141 353 3207 vobis
373 3147 556 3227 praemium
573 3147 718 3224 virtutis,
742 3144 867 3208 nullum
890 3147 1021 3227 insigne
1044 3145 1189 3227 honoris,

221 3243 347 3309 nullum
374 3255 620 3310 monumentum
648 3245 759 3310 landis
787 3246 918 3331 postulo
955 3258 1188 3333 praeterquam

220 3346 316 3412 huius
341 3347 407 3412 diei
430 3350 621 3412 memoriam
639 3350 883 3432 sempiternam.
919 3350 958 3414 In
982 3353 1101 3414 animis
1126 3373 1187 3433 ego

220 3452 342 3515 vestris
372 3471 484 3514 omnes
512 3450 694 3535 triumphos
718 3473 824 3534 meos,
853 3455 964 3517 omnia
993 3466 1187 3518 ornamenta

187 3550 364 3634 nhonoris,
387 3562 600 3617 monumenta
623 3553 761 3636 gloriae,
784 3553 894 3618 laudis
918 3557 1065 3638 insignia
1088 3555 1186 3621 condi

222 3663 255 3718 et
270 3652 429 3720 collocari
444 3653 531 3720 volo.
568 3654 657 3718 Nihil
673 3677 725 3718 me
741 3666 865 3719 mutum
881 3666 990 3740 potest
1008 3657 1186 3739 delectare,
