2817 4425
358 430 408 480 DE
426 428 619 480 CICERONIS
636 430 724 479 VI'I'A
739 430 788 479 m·
806 430 975 485 sumtus
1108 436 1157 483 XV

274 617 355 684 Cum
393 626 503 682 autem
533 616 647 681 Idibus
679 617 808 681 Martiis
841 641 871 683 a.
904 619 949 682 44
980 619 1104 686 Caesar
1136 645 1158 687 a

187 722 367 789 coniuratis
390 728 478 782 esset
499 719 698 799 interfectus,
727 716 841 785 Cicero
863 720 971 786 lucem
993 724 1158 808 quandam

187 824 350 888 affulsisse
372 822 499 884 civitati
521 820 745 904 redditamque
767 844 840 885 esse
864 822 1050 890 libertatem
1072 825 1157 890 arbi·

187 937 291 991 tratus
325 944 538 1008 percussores
570 924 640 987 eius
672 922 782 1004 ἥρωας
814 934 848 988 et
879 929 1159 1008 τυραννοκτόνους

148 1086 151 1091 ,
188 1027 344 1114 appellat.
389 1024 457 1089 Sed
478 1023 560 1087 haec
583 1026 681 1088 etiam
704 1047 780 1109 spes
802 1049 877 1091 eum
897 1028 1023 1092 fefellit.
1059 1030 1157 1094 Brevi

186 1134 221 1196 in
254 1150 372 1212 graves
406 1127 542 1190 incurrit
573 1125 618 1188 M.
651 1125 775 1191 Antoni
807 1132 1005 1205 inimicitias,
1042 1142 1158 1195 contra

187 1254 284 1317 quem
300 1229 383 1294 XIV
406 1228 522 1292 habuit
543 1228 700 1291 orationes
715 1228 933 1311 Philtppicus.
955 1232 1093 1297 Frustra
1114 1232 1157 1296 ad

188 1335 225 1400 C.
241 1333 394 1398 Caesaris
410 1330 585 1396 Octaviani
607 1333 785 1397 amicitiam
800 1356 836 1398 se
851 1335 1039 1419 applicavit,
1062 1358 1155 1421 quem

187 1439 371 1502 libertatem
393 1436 439 1498 rei
463 1432 614 1515 publicae
639 1434 841 1499 redditurum
863 1459 935 1499 esse
957 1437 1157 1521 aliquamdiu

189 1562 338 1627 sperasse
370 1539 511 1601 videtur.
554 1536 595 1601 A.
623 1536 665 1599 43
694 1535 819 1602 Caesar
846 1537 1049 1603 Octavianus
1083 1560 1158 1602 cum

188 1645 232 1708 M.
256 1643 414 1721 Antonio,
444 1661 540 1724 quem
567 1639 665 1723 paulo
695 1649 772 1703 ante
799 1642 1051 1724 impugnaverat
1072 1641 1157 1705 bello

188 1746 374 1826 Mutinensi,
404 1752 437 1806 et
466 1741 593 1825 Lepido
621 1764 737 1826 pacem
764 1743 842 1806 fecit
872 1746 927 1824 ita,
963 1756 999 1808 ut
1026 1748 1098 1829 ipse
1125 1753 1159 1807 et

188 1850 351 1912 Antonius
381 1854 414 1909 et
435 1843 581 1927 Lepidus
610 1853 675 1908 tres
704 1846 767 1909 viri
795 1857 905 1909 essent
932 1849 980 1911 rei
1006 1846 1158 1930 publicae

188 1947 438 2015 constituendae
461 1957 494 2009 et
515 1956 551 2009 ut
579 1968 654 2010 suos
677 1950 815 2033 quisque
843 1951 990 2014 inimicos
1020 1950 1158 2033 proscri-

188 2053 312 2116 berent.
335 2050 470 2113 Plurimi
492 2058 561 2113 tum
582 2051 643 2113 viri
665 2049 857 2115 nobilissimi
885 2054 1069 2135 optimeque
1090 2074 1157 2115 me·

190 2157 246 2220 riti
269 2154 309 2218 de
331 2175 367 2218 re
389 2150 522 2236 publica
542 2152 703 2216 interfecti
727 2163 801 2218 sunt
822 2164 921 2238 atque
942 2156 976 2218 in
998 2156 1037 2217 iis
1060 2155 1158 2218 etiam

191 2257 318 2338 Cicero,
342 2277 439 2340 quem
467 2255 603 2320 immissi
633 2254 675 2318 ab
699 2257 842 2319 Antonio
873 2278 1081 2338 percussores
1109 2256 1157 2318 fu·

189 2362 331 2442 gientem
346 2360 381 2423 in
403 2358 519 2421 itinere
542 2358 709 2421 consecuti
732 2357 977 2422 trucidaverunt
993 2381 1021 2421 a.
1039 2358 1069 2420 d.
1083 2358 1158 2422 VII.

190 2463 241 2530 Id.
264 2461 346 2525 Dec.
370 2483 400 2523 a.
425 2457 476 2520 43.

275 2665 331 2729 VI.
354 2663 408 2728 Ex
425 2660 627 2726 orationibus
643 2661 811 2729 Ciceronis
827 2675 957 2751 praeter
971 2664 1055 2742 illas,
1080 2688 1157 2749 qua·

190 2791 259 2833 rum
294 2789 394 2850 supra
431 2767 627 2829 mentionem
663 2767 815 2842 fecimus,
854 2768 1159 2832 commemorandae

191 2872 288 2934 etiam
310 2869 477 2934 videntur:
502 2869 607 2933 oratio
626 2887 688 2947 pro
711 2867 748 2933 L.
771 2867 899 2931 Licinio
923 2869 1068 2931 Murena
1090 2891 1157 2934 cos.

191 2972 259 3036 des.
277 2971 418 3035 ambitus
433 2993 499 3053 reo,
519 2994 547 3034 a.
565 2969 606 3032 63
621 2970 751 3052 habita3
768 2974 872 3035 oratio
883 2990 946 3051 pro
962 2968 1001 3033 P.
1017 2969 1160 3034 Cornelio

191 3071 286 3136 Sulla
320 3073 360 3136 de
393 3075 425 3137 vi
461 3082 616 3138 accusato
653 3071 696 3156 (a.
727 3072 794 3153 62),
822 3092 884 3153 pro
917 3072 1038 3134 Archia
1065 3077 1160 3152 petto

194 3175 311 3260 (affl),
326 3199 409 3261 quae
421 3199 459 3240 eo
473 3179 616 3240 maxime
629 3177 765 3257 insignis
779 3184 829 3240 cst
841 3178 956 3255 oratio,
969 3175 1057 3259 quod
1069 3197 1161 3259 prae-

191 3280 298 3344 claras
311 3279 457 3342 continet
468 3277 582 3342 laudes
600 3278 769 3342 doctrinae
781 3286 813 3340 et
824 3279 974 3361 poeticae
984 3276 1160 3342 facultatis.

276 3381 330 3445 Ad
345 3384 445 3442 ortem
468 3380 643 3442 oratoriam
658 3379 740 3443 haec
755 3381 917 3464 pertinent
932 3380 1055 3463 scripta
1071 3377 1161 3443 Cice·

192 3484 294 3547 ronis:
322 3482 361 3545 de
387 3484 512 3544 oratore
539 3480 613 3545 libri
636 3482 696 3564 ΙΙΙ,
728 3504 864 3566 quorum
895 3483 1018 3566 primus
1046 3490 1096 3544 est
1121 3479 1162 3544 de

192 3585 362 3649 formando
398 3593 544 3662 oratore,
584 3584 666 3646 alter
700 3583 740 3646 de
772 3587 866 3647 varia
899 3591 1162 3666 argumentorum

193 3689 396 3767 tractatione,
420 3688 535 3750 tertius
556 3686 595 3749 de
618 3686 801 3749 elocutione
821 3696 853 3749 et
876 3686 1021 3764 actione;
1044 3686 1161 3760 orator,
