2817 4425
221 428 242 493 6
535 428 574 476 m
591 427 622 478 n.
642 427 839 477 cnrrnmnu
856 428 869 475 1

223 626 398 701 erumpunt
421 615 555 681 omnia?
564 616 717 740 Mupa
708 638 775 679 ram
799 617 900 679 istam
921 624 1082 697 mentem,
1111 615 1192 679 mihi

223 718 332 801 crede,
345 718 544 783 obliviscere
556 691 677 782 caedis
684 729 785 802 atque
798 718 1038 784 incendiorum.
1053 719 1192 783 Teneris

222 820 384 905 undique,
398 821 472 885 luce
486 831 563 885 sunt
576 821 721 885 clariora
734 819 831 884 nobis
844 830 903 885 tua
916 822 1060 885 consilia
1072 824 1193 904 omnia,

134 903 158 971 7·
203 942 308 1007 tquae
331 926 398 1009 iam
421 946 551 1009 mecum
572 924 654 1008 licet
683 943 921 1011 recognoscas.
966 923 1193 987 Meministine

220 1012 275 1090 me
296 1025 482 1091 antediem
506 1025 583 1088 XII.
599 1024 774 1089 Kalendas
795 1023 1000 1088 Novembres
1025 1025 1135 1089 dicere
1158 1028 1216 1089 ins

222 1137 341 1192 senatu
364 1129 434 1192 fore
465 1130 498 1191 in
523 1130 625 1191 armis
649 1137 740 1191 certo
771 1126 841 1207 die,
875 1128 932 1210 qui
962 1127 1032 1191 dies
1062 1128 1192 1191 futurus

221 1240 310 1293 esset
333 1241 411 1295 ante
436 1230 523 1293 diem
545 1230 603 1293 VI.
619 1227 794 1294 Kalendas
810 1228 1025 1311 Novembres,
1049 1226 1085 1292 O.
1099 1229 1193 1292 Man·

220 1331 311 1413 lium,
328 1331 493 1395 audaciae
510 1331 693 1395 satellitem
716 1340 817 1414 atque
834 1330 1069 1394 administrum
1090 1332 1193 1395 tuae?

219 1434 306 1498 Num
321 1457 374 1499 me
388 1435 517 1517 fefellit,
542 1434 702 1516 Catilina,
726 1457 793 1498 non
808 1435 906 1499 modo
923 1458 976 1499 res
992 1444 1100 1516 tanta,
1123 1445 1193 1499 tam

220 1545 319 1600 atrox
347 1546 483 1622 tamque
506 1537 726 1618 incredibilis,
758 1560 883 1617 verum,
913 1537 949 1601 id
972 1537 1061 1621 quod
1088 1538 1228 1602 multon

219 1640 328 1720 magis
358 1648 408 1703 est
439 1639 684 1721 admirandum,
716 1638 811 1702 dies?
854 1639 938 1703 Dixi
962 1660 1023 1721 ego
1047 1640 1134 1704 idem
1157 1642 1191 1704 in

221 1752 340 1806 senatu
369 1742 508 1807 caedem
536 1752 570 1806 te
602 1744 815 1826 optimatium
845 1741 1029 1806 contulisse
1057 1744 1090 1806 in
1114 1753 1192 1805 ante

220 1842 307 1907 diem
322 1843 363 1907 V.
378 1844 553 1908 Kalendas
569 1842 786 1925 Novembres,
808 1853 879 1907 tum
895 1866 970 1907 cum
992 1843 1088 1908 multi
1102 1846 1191 1928 prin·

219 1948 310 2030 cipes
334 1948 486 2011 civitatis
509 1947 615 2010 Roma
637 1978 679 1990 -
702 1967 768 2009 non
799 1956 869 2009 tam
893 1947 944 2008 sui
967 1946 1192 2014 conservandi

219 2070 319 2133 quam
341 2058 474 2113 tuorum
497 2049 713 2113 consiliorum
736 2048 1023 2140 reprimendorum
1038 2070 1227 2113 causa—rs

219 2150 450 2235 profugerunt.
494 2151 581 2216 Num
598 2152 744 2224 infitiari
764 2146 874 2235 potes,
902 2160 937 2214 te
960 2150 1018 2215 illo
1040 2153 1112 2236 ipso
1138 2152 1191 2217 die

218 2255 302 2317 meis
316 2254 508 2339 praesidiis,
531 2276 605 2318 mea
623 2254 802 2336 diligentia
825 2253 1081 2318 circumclusum
1104 2277 1192 2317 com·

218 2377 352 2453 moverg
375 2366 409 2420 te
432 2367 511 2420 cont
513 2377 557 2455 ra
567 2377 636 2419 rem
652 2354 822 2439 publicam
844 2377 912 2419 non
935 2357 1092 2440 potuisse,
1116 2379 1192 2420 cum

218 2468 256 2521 tu
273 2434 425 2520 discellsu
449 2413 637 2537 caletorum
654 2466 772 2520 nostra
788 2469 912 2540 tamen,
935 2459 991 2542 qui
1013 2461 1191 2522 remansis-

197 2581 345 2642 ssemus,
374 2559 478 2623 caede
501 2569 536 2623 te
558 2569 752 2622 contentum
776 2581 849 2622 esse
873 2558 1035 2623 dicebas?
1078 2559 1227 2637 Quid?so

218 2684 293 2725 cum
307 2671 342 2725 tc
357 2663 540 2726 Praeneste
550 2663 717 2727 Kalendis
735 2666 816 2747 ipsis
832 2663 1077 2728 Novembribus
1095 2687 1191 2727 occu-

218 2774 374 2849 paturum
385 2775 549 2829 nocturno
567 2767 692 2850 impetu
712 2788 785 2828 esse
798 2765 994 2848 confideres,
1011 2767 1191 2830 sensistine

218 2866 311 2929 illam
327 2865 492 2930 coloniam
507 2888 580 2930 meo
597 2869 690 2930 iussu
705 2869 788 2931 meis
804 2868 994 2952 praesidiis,
1016 2869 1191 2952 custodiis,

218 2968 345 3050 vigiliis
358 2990 432 3032 esse
443 2969 628 3032 munitam?
650 2969 741 3032 Nihil
755 2972 841 3052 agis,
856 2969 940 3033 nihil
952 2970 1091 3054 moliris,
1106 2973 1191 3036 nihil

218 3073 358 3152 cogitas,
376 3071 466 3156 quod
482 3093 549 3134 non
570 3092 631 3153 ego
650 3093 717 3134 non
733 3071 831 3134 modo
848 3071 995 3154 audiam,
1012 3074 1074 3138 sed
1089 3078 1225 3139 etiamrs

217 3173 350 3237 videam
373 3173 537 3258 planeque
561 3174 714 3236 sentiam.

192 3295 207 3346 4
318 3276 535 3357 Recognosce
547 3275 684 3338 tandem
696 3297 825 3338 mecum
836 3285 970 3339 noctem
986 3277 1079 3340 illam
1095 3297 1188 3359 supe-

215 3381 351 3442 riorem:
375 3379 442 3440 iam
458 3377 645 3459 intelleges,
669 3376 773 3440 multo
790 3400 842 3441 me
858 3378 1001 3460 vigilare
1017 3380 1127 3441 acrius
1144 3376 1188 3440 ad

217 3479 358 3542 salutem
381 3500 480 3563 quam
502 3489 536 3542 te
559 3479 604 3542 ad
626 3481 807 3562 perniciem
830 3481 879 3543 rei
901 3479 1066 3564 publicae.
1100 3478 1187 3542 Dico

215 3592 248 3644 te
270 3583 381 3664 priore
403 3593 502 3644 nocte
517 3583 651 3644 venisse
675 3583 764 3643 inter
778 3580 940 3644 falcarios
952 3615 995 3626 -
1005 3601 1071 3642 non
1085 3600 1186 3661 agam
1197 3603 1222 3642 sc

215 3682 407 3746 obscure-
421 3686 454 3745 in
471 3682 515 3744 M.
528 3682 662 3745 Laecae
682 3683 830 3764 domum;
853 3682 1050 3747 convenisse
1069 3682 1187 3747 eodem

160 2926 173 2960 b
