2817 4425
546 439 621 491 car.
640 443 717 504 s-s,
735 442 759 508 9.
780 442 887 492 15-18.
1156 444 1198 509 43

230 652 346 694 manus
362 651 468 715 neque
483 630 599 713 lingua
616 631 741 695 deerat.
775 632 847 695 Iam
862 633 907 696 ad
922 642 1032 697 certas
1049 656 1102 697 res
1118 656 1195 698 con·

174 810 175 815 γ
229 733 390 797 finiendas
406 745 515 826 cqrtos
538 734 686 797 homines
710 733 857 799 delectos
874 756 914 798 ac
932 735 1115 819 descriptos
1137 736 1195 799 ha·

229 836 340 900 bebat.
352 836 466 920 Neque
478 857 567 916 vero,
581 857 655 899 cum
668 834 797 921 aliquid
808 836 996 917 mandarat,
1009 838 1195 901 confectum

228 938 385 1021 putabat3
403 937 486 1001 nihil
500 949 583 1018 erat,
602 938 689 1021 quod
701 959 768 1001 non
781 940 852 1022 ipse
865 938 983 1020 obiret,
996 948 1194 1017 occurreret,

208 1040 394 1123 evigilaret,
403 1040 588 1120 laboraret,
600 1041 716 1122 frigus,
726 1041 825 1122 sitim,
833 1040 1194 1125 lamemferrepcterat.

227 1143 325 1207 Hunc
350 1163 411 1226 ego
433 1142 599 1206 hominem
620 1152 690 1206 tam
706 1164 828 1224 acrem,
844 1153 913 1206 tam
936 1143 1108 1223 audacem,
1124 1153 1192 1207 tam
1203 1168 1227 1209 u

226 1254 482 1330 paratum,·tam
497 1244 665 1323 callidum,
688 1254 759 1308 tam
780 1246 815 1307 in
838 1244 963 1309 scelere
985 1244 1191 1328 vigilantem,

227 1361 296 1411 tam
312 1350 346 1411 in
361 1348 500 1431 perditis
517 1346 614 1411 rebus
632 1347 837 1429 diligentem,
859 1348 925 1410 nisi
942 1369 984 1411 ex
1001 1347 1192 1411 domesticis

226 1449 358 1513 insidiis
386 1450 420 1513 in
450 1459 622 1513 castrense
656 1450 870 1513 latrocinium
897 1448 1130 1533 compulissem
1151 1484 1192 1494 -

196 1552 337 1615 indicam
352 1551 387 1615 id
403 1550 490 1635 quod
507 1553 624 1629 sentio,
649 1548 798 1627 Quirites
810 1585 862 1630 -‚
885 1571 953 1612 non
979 1550 1078 1613 facile
1104 1550 1191 1615 hanc

226 1664 356 1718 tantam
371 1654 490 1717 molem
505 1653 585 1715 mali
601 1674 622 1713 a
638 1652 827 1715 cervicibus
843 1652 964 1716 vestris
982 1651 1191 1736 depulissem.

225 1757 298 1820 Non
314 1756 371 1821 ille
386 1755 483 1819 nobis
500 1753 693 1818 Saturnalia
709 1754 950 1835 constituisset,
973 1776 1081 1838 neque
1095 1762 1191 1818 tanto

225 1872 303 1923 ante
327 1860 423 1921 exitii
439 1881 479 1922 ac
496 1858 558 1920 fati
576 1857 663 1920 diem
678 1860 728 1921 rei
742 1855 898 1941 publicae
915 1856 1190 1938 denuntiavisset,

224 1982 329 2045 neque
341 1962 572 2040 commisisset,
587 1970 624 2022 ut
637 1961 778 2041 signum,
794 1968 831 2023 ut
843 1959 978 2023 litterae
991 1981 1071 2022 suae
1085 1968 1190 2024 testes

192 2062 393 2126 ismanifesti
408 2060 543 2125 sceleris
559 2061 894 2147 deprehenderentur.
919 2060 1014 2139 Quae
1031 2082 1120 2125 nunc
1132 2061 1189 2125 illo

223 2165 363 2231 absente
386 2167 434 2228 sic
458 2175 553 2248 gesta
578 2175 664 2247 sunt,
689 2174 726 2229 ut
748 2165 876 2230 nullum
892 2167 927 2229 in
942 2165 1076 2249 privata
1094 2164 1189 2228 domo

223 2271 347 2333 furtum
362 2252 507 2352 unquam
527 2271 570 2331 sit
583 2278 652 2332 tam
665 2269 779 2352 palam
791 2272 973 2349 inventum,
996 2289 1095 2351 quam
1106 2265 1189 2330 haec

222 2375 375 2436 tantain
398 2372 591 2456 republica
620 2375 807 2437 coniuratio
841 2372 1019 2436 manifesto
1052 2373 1190 2434 inventa

222 2483 322 2558 atque
339 2474 545 2557 deprehensa
568 2484 629 2538 est.
666 2473 795 2552 Quodsi
812 2472 961 2538 Catilina
984 2475 1018 2537 in
1040 2472 1123 2537 urbe
1145 2471 1190 2535 ad

190 2576 308 2639 ahane
327 2575 413 2640 diem
430 2578 657 2658 remansisset,
677 2599 886 2662 quamquam,
904 2575 1015 2661 quoad
1030 2577 1104 2657 fuit,
1123 2595 1189 2640 om·

221 2677 320 2742 nibus
337 2679 407 2741 eius
431 2678 580 2741 consiliis
598 2681 727 2742 occurri
747 2688 846 2763 atque
862 2678 990 2760 obstiti,
1013 2690 1137 2760 tamen,
1151 2688 1189 2742 ut

222 2779 389 2843 levissime
408 2780 528 2861 dicam,
542 2780 770 2844 dimicandum
788 2780 885 2844 nobis
904 2802 980 2843 cum
992 2780 1049 2843 illo
1061 2781 1189 2862 fuisset,

221 2903 327 2966 neque
349 2903 409 2945 nos
432 2903 591 2965 unquam,
621 2905 695 2946 cum
720 2882 777 2946 ille
800 2885 833 2945 in
857 2881 939 2945 urbe
962 2881 1068 2944 hostis
1092 2890 1190 2964 esset,

221 2984 326 3046 tantis
343 2985 499 3066 periculis
518 3008 586 3048 rem
603 2984 774 3069 publicam
785 2994 883 3046 tanta
895 3004 989 3066 pace,
1002 2992 1098 3045 tanto
1112 2984 1189 3066 otio,

188 3093 316 3148 astante
340 3084 472 3148 silentio
495 3086 741 3150 liberassemus.
768 3092 772 3114 ¹

324 3185 531 3271 Quamquam
554 3189 638 3251 haec
663 3190 783 3261 omnia,
809 3185 968 3266 Quirites,
998 3189 1046 3250 ita
1070 3197 1147 3251 sunt
1170 3203 1248 3255 1811

219 3312 271 3352 me
287 3287 535 3370 administrata,
551 3301 586 3353 ut
601 3290 736 3354 deorum
748 3288 984 3354 immortalium
996 3299 1078 3352 nutu
1091 3299 1191 3373 atque

220 3391 359 3456 consilio
384 3401 416 3454 et
440 3401 537 3474 gesta
561 3402 595 3456 et
617 3395 752 3476 provisa
776 3414 850 3455 esse
873 3391 1069 3472 videantur,
1092 3391 1190 3474 idque

220 3515 294 3557 cum
306 3495 500 3557 coniectura
513 3495 672 3578 consequi
684 3514 869 3579 possumus,
887 3492 975 3575 quod
987 3494 1046 3555 vix
1058 3493 1191 3556 videtur

187 3608 213 3646 ³⁰
220 3594 355 3660 humani
371 3595 503 3659 consilii
519 3605 691 3660 tantarum
707 3617 817 3659 rerum
835 3592 1033 3676 gubernatio
1046 3616 1120 3658 esse
1135 3616 1190 3678 po·

219 3697 334 3779 tuisse,
352 3707 423 3762 tum
435 3721 514 3763 vero
532 3701 580 3763 ita
598 3709 793 3783 praesentes
805 3698 857 3762 his
878 3697 1081 3781 temporibus
1098 3718 1190 3782 opem
