2817 4425
550 434 626 485 cnr.
645 437 721 498 s-s‚
738 435 763 500 a.
783 435 890 483 15-19.
1159 434 1196 497 11

228 627 435 690 conscientia
449 626 611 689 scelerum
618 635 751 690 tuorum
758 645 925 706 agnoscas
934 624 1046 688 odium
1054 624 1197 687 omnium

229 730 352 792 iustum
375 738 408 791 et
431 730 498 791 iam
523 728 579 791 diu
602 727 664 792 tibi
689 726 855 807 debitum,
879 725 1032 805 dubitas,
1060 746 1198 809 quorum

227 840 351 894 mentes
369 852 551 913 sensusque
567 829 735 912 vulneras,
759 851 871 894 eorum
893 829 1088 913 adspectum
1103 850 1196 913 prae·

228 937 434 1018 sentiumque
450 933 580 997 vitare?
625 931 660 996 si
682 943 717 997 te
739 942 896 1017 parentes
919 934 1074 996 timerent
1097 940 1197 1016 atque

205 1038 378 1100 sedissent
393 1037 442 1097 tui
458 1058 564 1120 neque
587 1058 642 1098 eos
665 1034 736 1099 ulla
760 1037 890 1099 ratione
912 1034 1047 1118 placare
1070 1056 1194 1118 posses,

227 1150 273 1217 tu,
291 1141 416 1221 opinor,
434 1137 477 1201 ab
494 1159 606 1201 eorum
622 1138 728 1201 oculis
746 1137 858 1222 aliquo
877 1153 1093 1217 concederem
1108 1157 1196 1200 nuno

226 1250 260 1303 te
282 1242 404 1323 patria,
436 1262 519 1323 quae
543 1242 725 1305 communis
750 1249 802 1303 est
824 1262 946 1324 parens
971 1242 1117 1303 omnium
1139 1260 1196 1302 no·

226 1352 346 1423 strum,
376 1342 447 1406 odit
469 1363 509 1406 ae
531 1344 651 1406 metuit
679 1352 713 1406 et
736 1344 802 1405 iam
827 1342 883 1405 diu
906 1340 989 1405 nihil
1012 1353 1046 1406 te
1068 1341 1196 1405 iudicat

224 1446 291 1508 nisi
326 1444 366 1509 de
398 1445 580 1529 parricidio
611 1466 670 1509 suo
700 1447 867 1527 cogitare,
899 1443 997 1508 huius
1025 1453 1063 1508 tu
1090 1465 1196 1527 neque

193 1571 217 1609 ιο
226 1548 460 1611 auctoritatem
472 1548 632 1612 verebere
646 1570 709 1611 neo
726 1548 884 1612 iudicium
898 1568 1115 1636 sequereneo
1128 1549 1195 1611 vim

224 1649 461 1733 pertimesces?
490 1650 584 1730 Quae
596 1660 717 1731 tecum,
732 1637 962 1729 'Catilinassie
980 1637 1052 1732 agit
1068 1660 1101 1711 et
1117 1670 1194 1731 quo·
1204 1678 1229 1717 rs

225 1751 302 1815 dam
333 1751 431 1815 modo
465 1754 573 1815 tacita
607 1752 769 1837 loquitur:
801 1748 950 1815 ‘Nullum
978 1754 1045 1815 iam
1069 1750 1196 1834 aliquot

224 1856 321 1917 annis
344 1855 475 1917 facinus
501 1856 634 1918 exstitit
650 1856 717 1918 nisi
739 1877 798 1939 per
813 1864 857 1935 te,
880 1854 1008 1918 nullum
1029 1854 1195 1934 flagitium

224 1960 296 2021 sine
307 1967 358 2038 te,
374 1957 437 2021 tibi
448 1960 506 2021 uni
524 1957 703 2022 multorum
715 1961 839 2022 civium
851 1980 961 2039 neces,
980 1957 1045 2020 tibi
1056 1957 1194 2018 vexatio

151 2059 434 2149 >pedireptioque
462 2061 625 2123 sociorum
652 2062 816 2145 impunita
844 2062 907 2125 fuit
935 2082 975 2123 ae
1003 2059 1126 2139 libera3
1158 2066 1196 2120 tu

223 2182 289 2224 non
303 2160 409 2226 solum
431 2162 476 2227 ad
491 2162 719 2247 neglegendas
736 2163 828 2247 leges
845 2174 879 2228 et
893 2164 1117 2248 quaestiones,
1140 2181 1194 2222 ve-

222 2287 294 2328 rum
311 2267 412 2330 etiam
428 2267 473 2330 ad
489 2267 689 2331 evertendas
706 2267 1029 2352 perfringendasque
1044 2265 1192 2328 valuisti.

223 2364 401 2451 Superiora
436 2369 510 2451 illa,
545 2392 746 2454 quamquam
779 2369 917 2432 ferenda
950 2390 1017 2432 non
1051 2369 1194 2446 fuerunt,

221 2479 343 2551 tamen,
366 2480 403 2533 ut
418 2474 522 2554 potui,
545 2471 625 2552 tuli,
648 2493 737 2535 nune
760 2493 839 2534 vero
861 2493 914 2534 me
936 2480 1041 2534 totam
1064 2491 1138 2533 esse
1159 2471 1194 2533 in

187 2582 312 2634 aometu
334 2583 470 2657 propter
492 2595 593 2637 unum
617 2586 660 2655 te,
685 2573 848 2658 quidquid
864 2573 1076 2657 increpuerit,
1102 2572 1193 2637 Gati-

221 2673 326 2737 linam
349 2676 478 2756 timeri,
512 2675 641 2740 nullum
662 2676 772 2740 videri
801 2686 920 2741 contra
943 2699 995 2739 me
1018 2673 1211 2739 eonsilium

152 2749 192 2846 Ὦ
207 2777 430 2872 ῥὶς-11101111,
454 2777 543 2862 quod
565 2801 586 2841 a
608 2787 664 2842 tuo
690 2777 816 2842 scelere
840 2778 1030 2862 abhorreat,
1053 2800 1119 2841 non
1143 2787 1194 2840 est

221 2877 403 2942 ferendum.
439 2878 693 2959 Quamobrem
718 2867 978 2963 disoedsatque
1002 2880 1089 2972 hune
1112 2877 1192 2942 mihi

220 2981 373 3044 timorem
389 2983 494 3065 eripe3
519 2983 547 3044 si
563 2994 615 3045 est
630 3003 740 3057 verus,
757 3004 798 3044 ne
815 2983 992 3065 opprimar,
1010 2972 1060 3075 sin
1078 2981 1194 3063 talene,

186 3091 257 3147 aaut
269 3081 406 3145 tandem
420 3082 602 3166 aliquando
614 3082 911 3146 timeredesinam.'
928 3083 1023 3145 Haeo
1042 3085 1070 3145 si
1084 3094 1252 3153 tecumsu

153 3220 167 3244 .
221 3186 279 3263 ita,
292 3194 328 3248 ut
343 3183 423 3264 dixi,
436 3186 548 3267 patria
561 3184 727 3268 loquatur,
743 3206 853 3248 nonne
865 3185 1046 3267 impetrare
1061 3184 1191 3266 debeat,

221 3290 322 3350 etiam
346 3287 374 3350 si
389 3288 457 3349 vim
480 3284 641 3349 adhibere
664 3307 730 3349 non
753 3285 882 3370 possit?
917 3285 1029 3365 Quid?
1053 3287 1141 3370 quod
1156 3298 1192 3350 tu

219 3399 254 3453 te
276 3392 348 3473 ipse
371 3391 405 3452 in
429 3387 619 3452 custodiam
636 3387 784 3453 dedisti?
806 3387 894 3472 quod
910 3388 1071 3453 vitandae
1087 3392 1191 3475 suspi-

220 3492 325 3556 cionis
342 3513 446 3555 causa
462 3490 507 3554 ad
522 3489 577 3552 M’.
589 3489 755 3575 Lepidum
777 3499 811 3554 te
834 3490 987 3554 habitare
1003 3491 1090 3555 velle
1107 3491 1192 3555 dixi-

186 3613 211 3653 so
221 3593 287 3656 sti?
310 3616 330 3657 a
345 3615 409 3678 quo
432 3615 499 3657 non
522 3603 676 3676 receptus
700 3595 803 3657 etiam
826 3591 869 3655 ad
893 3615 945 3657 me
960 3596 1074 3657 venire
1090 3616 1191 3658 ausus

220 3717 255 3759 es
287 3705 401 3778 atque,
435 3705 471 3759 ut
497 3694 586 3759 domi
609 3717 702 3760 meae
730 3705 764 3759 te
792 3695 1023 3776 adservarem,
1051 3699 1191 3779 rogasti.

1261 2756 1279 2794 7

1235 2959 1259 2986 ὃ
