2817 4425
104 438 106 441 ·
201 414 265 463 VIII
325 453 327 459 ,
424 414 690 467 DISCREPANTIA
709 415 940 469 SCRIPTURAE.

201 587 310 637 huiusce
328 585 400 635 modi
418 586 639 636 constructionisz
662 602 788 653 purgare
809 602 837 639 se
855 588 940 641 alicui
963 592 1004 639 ab
1023 588 1118 656 aliqua
1134 606 1164 643 re

200 672 303 722 nullum
320 672 376 737 legi
395 671 558 737 exemplum,
585 673 666 721 immo
690 672 739 721 has
763 679 868 723 tantum
891 674 968 724 modo
992 675 1066 725 illius
1089 678 1164 727 verbi

201 758 315 807 inveniri
333 759 556 807 constructiones:
574 772 632 809 non
646 763 751 825 pumat
763 758 840 808 Sulla
851 761 893 818 38,
912 760 950 810 de
968 760 1082 812 luxuria
1095 777 1164 826 pur·

198 842 270 910 pavit
281 843 360 894 Rosc.
378 844 419 904 39,
439 841 545 895 Sullam
562 843 651 895 virtue
663 844 797 910 perpasti
808 845 844 893 ib.
859 847 914 906 127,
933 845 1034 897 crimen
1042 861 1164 912 perpere

199 928 304 979 cluent.
330 931 359 989 3,
381 928 520 995 proposito
543 926 670 982 inimicos
691 943 764 981 meos
785 929 878 979 Plane.
898 933 943 993 71,
961 946 1053 998 purpa
1072 931 1163 983 urbem

198 1014 256 1063 Cat.
282 1014 304 1080 1,
332 1016 371 1075 10,
402 1012 427 1064 si
454 1028 557 1079 parum
583 1012 655 1065 vobis
681 1028 763 1080 essem
776 1019 914 1081 perpetus
930 1016 1001 1065 Phil.
1024 1016 1094 1077 XIV,
1122 1019 1163 1080 77,

196 1105 335 1165 praeterea
352 1101 381 1147 in
400 1098 535 1163 epistulis:
560 1096 669 1150 Brutus
687 1104 793 1165 pumat
820 1097 964 1152 Gaesarem
988 1101 1026 1151 de
1048 1102 1162 1153 interitu

196 1183 331 1247 Marcelli,
354 1182 390 1233 ed
412 1182 465 1232 Att.
490 1182 563 1243 XIII,
589 1184 628 1233 10.
646 1184 672 1249 8,
698 1182 771 1250 quod
796 1187 822 1236 te
843 1183 911 1236 mibi
936 1186 975 1234 de
1003 1184 1162 1253 Sempronio

194 1284 300 1337 purpas
322 1268 357 1320 ad
380 1268 456 1318 Fam.
474 1268 534 1327 XII,
553 1267 594 1320 25.
612 1269 636 1317 3.
671 1268 766 1333 Itaque
785 1269 918 1334 equidem,
937 1286 998 1319 cum
1016 1274 1115 1336 passim
1134 1274 1161 1321 in

196 1356 272 1405 librIs
290 1357 479 1420 manuscriptis
507 1370 610 1405 errores
633 1356 691 1405 nati
714 1356 769 1405 sint
791 1370 824 1405 ex
845 1356 943 1405 litteris
958 1372 1004 1422 pr,
1030 1375 1047 1408 a
1065 1360 1162 1424 quibus

196 1440 355 1491 vocabulum
369 1441 479 1505 aliquod
490 1442 594 1505 incipit,
611 1456 703 1506 prave,
721 1440 875 1504 intellectis,
893 1442 979 1491 veluti
991 1442 1021 1491 P.
1033 1443 1066 1492 R.
1080 1447 1161 1509 scrip-

195 1536 251 1577 tum
269 1528 406 1575 invenitur
422 1542 470 1591 pro
488 1517 648 1591 praesidio,
666 1525 711 1576 vel
728 1543 776 1591 pro
800 1517 922 1591 ‘praetor’
940 1528 1008 1589 sim,
1032 1529 1064 1577 cf.
1084 1531 1162 1579 uber·

195 1613 288 1662 rimam
312 1612 423 1661 huiusce
441 1612 514 1661 modi
532 1611 714 1677 exemplorum
733 1613 960 1662 enumerationem
987 1613 1058 1679 apud
1075 1616 1161 1664 Muel-

195 1698 280 1747 lerum
298 1694 371 1764 (adn.
395 1698 453 1747 crit.
476 1697 511 1746 ad
528 1703 597 1761 part.
622 1697 657 1746 11.
681 1697 734 1747 vol.
752 1698 787 1747 II.
810 1714 836 1763 p.
853 1698 916 1747 XLI
933 1698 993 1764 sq.),
1010 1698 1062 1748 hoc
1080 1702 1160 1749 etiam

194 1783 252 1832 loco
270 1781 338 1831 illud
356 1776 464 1847 ‘populo
476 1782 615 1843 Romano',
635 1783 706 1847 quod
725 1788 811 1833 exstat
822 1784 851 1832 in
864 1783 923 1833 cod.
935 1799 960 1845 α,
977 1782 1075 1834 fulsum
1087 1792 1160 1850 puto.

193 1866 334 1916 Excidissc
362 1873 452 1917 autem
482 1868 548 1917 mihi
577 1868 684 1917 videtur
711 1869 824 1918 verbum
852 1868 1024 1933 probibendi:
1053 1870 1160 1934 prohi-

133 1965 139 1975 ·
193 1952 277 2003 bebo
300 1956 354 2018 atq.
379 1951 430 2005 obt.
466 1954 523 2003 Iam
545 1952 616 2002 unde
639 1959 730 2003 natum
755 1954 791 2002 sit
812 1953 881 2003 illud
902 1948 973 2019 ‘pop
997 1952 1091 2017 Rom),
1114 1971 1159 2020 ap·

193 2042 281 2104 paret3
305 2038 391 2087 altera
413 2042 503 2087 autem
526 2036 652 2087 vocabuli
675 2052 738 2101 pars
760 2039 837 2087 verbi
860 2039 931 2101 quod
950 2040 1070 2103 sequitur
1087 2041 1160 2090 exitu

192 2124 289 2174 hausta
307 2128 359 2182 est;
377 2123 544 2173 simillimum
563 2121 713 2187 exemplum
737 2128 778 2171 est
795 2122 872 2171 Caes.
890 2124 916 2175 b.
936 2126 987 2172 civ.
1006 2124 1027 2185 1,
1045 2126 1087 2174 23.
1112 2124 1160 2177 bos

193 2224 282 2262 omnes
301 2205 451 2276 productos
468 2224 487 2260 a
504 2206 671 2260 contumeliis
688 2206 806 2259 militum
826 2208 1008 2275 conviciisque
1020 2208 1158 2275 probibet3

192 2298 224 2346 cf.
243 2296 276 2345 <ie
294 2297 357 2360 imp.
377 2295 424 2344 Gn.
437 2295 529 2359 Pomp.
549 2297 573 2356 5.
593 2295 632 2343 18.
650 2309 780 2360 mappam
797 2308 940 2345 numerum
953 2308 1045 2344 eorum
1058 2293 1158 2346 molum

191 2380 347 2433 calamitate
360 2378 514 2446 probibere.
537 2378 615 2429 Caes.
639 2379 665 2428 b.
684 2378 755 2427 Gall.
779 2379 810 2439 V,
834 2380 875 2428 21.
902 2381 926 2442 1,
949 2378 996 2441 VI,
1020 2380 1061 2427 23.
1083 2381 1106 2428 9.
1125 2406 1157 2415 -

192 2471 214 2530 ξ.
231 2469 269 2518 12.
278 2464 406 2531 praebeo,
424 2467 460 2514 M.
479 2467 508 2514 in
520 2465 582 2515 adn.
600 2465 658 2514 crit.
666 2462 802 2530 praebebo
819 2464 910 2513 verius
922 2469 1007 2529 putat·
1027 2463 1079 2514 Sed
1091 2464 1158 2514 mibi

192 2551 298 2618 quitiem
317 2549 385 2599 illud
402 2550 446 2598 vel
463 2551 557 2598 invitis
575 2549 714 2599 codicibus
733 2549 841 2614 optimis
859 2564 919 2597 cnm
936 2548 1073 2614 plerisque
1088 2566 1157 2601 recc.

191 2637 250 2686 edd.
269 2633 452 2699 recipiendum
474 2634 589 2683 videtur.
625 2634 694 2683 Nam
717 2633 781 2683 inde
804 2650 821 2684 a
843 2633 942 2693 verbis,
969 2631 1064 2685 videor
1086 2635 1157 2685 enim

190 2721 255 2774 milti
273 2719 359 2772 videri
377 2722 401 2782 §.
420 2721 450 2768 11
469 2718 498 2767 id
521 2718 694 2768 hauddubie
719 2720 776 2783 agit
794 2717 896 2778 Cicero,
920 2723 950 2766 ut
967 2725 1090 2781 exponet,
1109 2735 1157 2768 cur

190 2808 217 2856 in
235 2805 288 2855 bec
310 2821 392 2855 causa
410 2803 594 2853 vehementior
617 2805 663 2853 sit
687 2801 731 2868 (cf.
750 2801 822 2869 quod
844 2802 875 2853 in
892 2801 918 2853 lt.
936 2816 958 2853 c.
977 2802 1156 2854 veliementior

189 2906 248 2943 eum
258 2892 292 2957 (5.
306 2890 355 2957 11),
367 2907 421 2940 non
431 2906 478 2939 cnr
489 2895 607 2955 postea
618 2889 804 2939 vehementior
816 2889 862 2937 sit
873 2889 1014 2936 futurus.
1027 2886 1156 2939 Severum

190 2984 279 3026 autem
298 2976 537 3040 vehementemque
555 2990 644 3024 nunc
661 2975 726 3023 iam
745 2989 773 3023 se
790 2973 902 3038 praebet
920 2987 959 3033 eo,
978 2971 1050 3036 quod
1069 2972 1155 3023 Silani

190 3062 349 3110 sententiam
372 3061 503 3125 potiorem
530 3059 583 3108 sibi
599 3058 687 3108 videri
709 3059 791 3107 baud*
804 3073 869 3106 sane
891 3062 961 3106 tecte
979 3056 1027 3106 ille
1046 3057 1153 3122 quidem

190 3144 330 3210 significat.
350 3147 373 3205 §-
395 3146 433 3194 18.
451 3143 591 3196 voluntate
609 3158 676 3207 voce,
696 3145 732 3192 M.
751 3143 809 3205 vot,
831 3140 931 3205 studio,
954 3141 1061 3205 virtute,
1084 3156 1152 3192 noce.

571 3417 770 3425 ..n—-
