2817 4425
355 964 641 1063 ORATIO
681 964 992 1077 QUARTA

447 1116 618 1180 unnim
641 1116 688 1180 m
712 1112 898 1181 saunas.

504 1452 795 1508 ARGUMENTUM.

276 1572 360 1622 Nonis
373 1571 569 1622 Decembribus
580 1570 674 1621 Cicero
693 1572 728 1621 ad
746 1577 869 1620 senatum
887 1572 1000 1632 rettulit,
1019 1572 1084 1637 quid
1102 1572 1162 1623 fieri

191 1656 311 1722 placeret
330 1656 362 1707 de
384 1657 519 1707 Catilinae
537 1657 632 1720 sociis,
659 1658 706 1721 qui
729 1657 758 1705 in
782 1656 929 1706 custodiam
951 1656 1044 1706 traditi
1061 1663 1160 1709 essent

191 1744 260 1792 Tum
276 1742 311 1791 D.
329 1742 423 1793 Iunius
441 1742 549 1792 Silanus
573 1756 626 1793 cos.
645 1741 709 1801 des,
731 1742 834 1806 primus
859 1744 1017 1791 sententiam
1040 1748 1161 1807 rogatus,

192 1828 353 1893 supplicium
377 1828 410 1877 de
431 1828 466 1877 iis
490 1827 648 1877 sumendum
672 1842 731 1877 esse
758 1828 871 1877 censuit.
907 1827 1007 1877 Contra
1026 1827 1161 1879 C.1ulius

193 1912 301 1975 Caesar,
318 1914 366 1962 ubi
377 1911 414 1961 ad
425 1928 487 1962 eum
499 1918 609 1961 ventum
621 1917 669 1972 est,
683 1911 772 1961 Silani
783 1912 945 1961 sententiam
958 1918 988 1961 ut
1000 1912 1107 1978 legibus
1119 1928 1161 1962 re-

192 2004 356 2063 pugnantem
373 1997 537 2062 improbavit
555 2002 582 2047 et
599 1997 672 2046 bona
684 1998 885 2046 coniuratorum
896 1997 1069 2062 publicanda,
1086 2000 1161 2063 ipsos

191 2098 240 2148 per
251 2083 399 2147 municipia
410 2080 507 2131 Italiae
521 2082 625 2131 censuit
637 2082 808 2145 sempiternis
819 2082 937 2131 vinculis
949 2098 1008 2132 esse
1020 2084 1160 2136 tenendos.

193 2166 243 2218 Cui
262 2183 322 2219 cum
339 2169 425 2219 maior
442 2182 505 2232 pars
523 2172 676 2218 senatorum
688 2167 815 2217 assentiri
826 2167 971 2231 videretur,
990 2168 1084 2220 Cicero
1102 2185 1160 2221 sur·

192 2255 262 2304 rexit
274 2259 301 2304 et
311 2254 372 2317 hac,
391 2269 460 2318 quae
473 2255 544 2303 infra
554 2253 661 2319 legitur,
679 2253 802 2303 oratione
815 2269 844 2302 se
857 2259 884 2302 et
896 2253 983 2305 Silani
995 2259 1023 2304 et
1035 2254 1161 2307 Caesaris

192 2341 354 2390 sententiam
363 2341 474 2406 exsequi
482 2347 605 2405 paratum
616 2355 675 2390 esse
684 2338 843 2400 adfirmavit,
856 2345 947 2390 tamen
958 2345 988 2389 ut
1000 2340 1085 2390 Silani
1099 2359 1161 2392 sen·

192 2425 303 2473 tentiam
321 2441 374 2474 non
387 2424 570 2474 dissimularet
580 2425 668 2489 magis
685 2424 739 2473 sibi
753 2425 1014 2490 probari-Neque
1031 2443 1095 2478 vero
1112 2444 1161 2479 va·

192 2508 287 2558 luisset
304 2509 392 2560 Silani
410 2510 556 2571 sententia,
579 2509 633 2558 nisi
650 2509 687 2560 M.
704 2509 818 2558 Porcius
837 2508 903 2558 Cato
920 2514 954 2559 tr.
971 2509 1009 2574 pl.
1026 2511 1082 2560 des.
1101 2529 1162 2563 sur·

192 2595 305 2643 rexisset
322 2599 349 2643 et
366 2598 512 2654 senatores,
530 2598 561 2642 ut
578 2594 675 2658 capitis
688 2592 848 2642 damnarent
860 2594 1019 2656 coniuratos,
1038 2599 1161 2649 oratione

193 2678 352 2744 gravissima
374 2679 559 2742 permovisset.
595 2677 690 2742 Itaque
714 2677 809 2727 eodem
832 2678 913 2727 etiam
932 2679 976 2729 die
998 2697 1031 2730 ex
1049 2689 1161 2735 senatus

193 2762 323 2823 consulto,
342 2763 460 2812 consulis
479 2767 569 2812 autem
581 2763 656 2811 iussu
670 2761 702 2811 de
715 2763 834 2826 quinque
851 2764 1018 2828 principibus
1036 2769 1161 2820 coniura-

192 2849 285 2910 tionis,
303 2848 427 2909 Lentulo,
447 2847 574 2912 Cethego,
587 2846 704 2910 Statilio,
718 2847 841 2909 Gabinio,
865 2846 978 2913 Cepario
997 2851 1159 2916 supplicium

193 2938 327 2998 sumptum
340 2934 420 2982 estin
433 2932 566 2982 Tulliano.
592 2932 695 2994 Quibus
709 2933 790 2981 rebus
808 2934 922 2997 cognitis
936 2933 1055 2986 Catilina
1067 2940 1161 3003 copias

194 3033 255 3067 suas
266 3018 296 3067 in
307 3033 402 3082 agrum
410 3017 602 3066 Pistoriensem
615 3017 703 3079 duxit3
722 3017 812 3081 fugam
826 3018 897 3065 enim
908 3019 963 3068 iam
975 3027 1031 3071 tum
1047 3039 1096 3087 per
1107 3024 1161 3090 Ap-

192 3103 304 3169 pennini
316 3102 399 3151 saltus
418 3101 598 3150 meditabatur
614 3102 643 3150 in
657 3100 774 3151 Galliam
785 3101 999 3169 Transalpinam.
1008 3107 1087 3168 Quod
1098 3125 1160 3159 con-

193 3190 283 3238 silium
296 3205 355 3238 cum
373 3195 444 3239 esset
456 3190 616 3254 diremptum
628 3189 659 3251 Q.
673 3189 777 3239 Metelli
794 3192 924 3254 praetoris
942 3192 1093 3255 vigilantia,
1114 3199 1160 3259 qui

193 3291 254 3324 eum
271 3275 357 3324 tribus
374 3274 527 3339 legionibus
545 3275 595 3324 sub
612 3275 748 3324 radicibus
760 3277 857 3324 montis
868 3274 1164 3335 consederat,abaltera

194 3366 284 3409 autem
302 3365 376 3424 parte
396 3359 425 3409 C.
442 3360 574 3409 Antonius
592 3375 652 3408 cum
671 3362 792 3409 exercitu
809 3367 948 3426 urgueret,
973 3361 1090 3410 Catilina
1113 3381 1160 3429 op-

194 3445 287 3493 timum
305 3445 378 3493 factu
396 3450 469 3494 ratus
488 3445 554 3494 belli
571 3445 707 3494 fortunam
724 3451 854 3510 temptare
876 3445 1007 3510 proelium
1025 3451 1161 3501 commisit

194 3528 228 3577 ad
240 3529 382 3578 Pistorium
401 3544 425 3581 a.
438 3531 470 3578 62
483 3530 602 3578 ineunte.
627 3528 736 3579 Summa
748 3532 882 3594 utrimque
894 3531 991 3578 virtute
1010 3539 1159 3594 pugnatum

195 3619 248 3671 est;
266 3618 356 3662 nmen
374 3614 455 3662 victae
507 3619 540 3654 w<
569 3613 689 3662 Catilium
719 3616 807 3650 ’ὢν
852 3616 916 3656 'lum
944 3606 1068 3664 'Catilina
1086 3630 1157 3679 post.
