2817 4425
572 432 648 479 our.
670 433 692 491 1,
712 431 736 495 ς.
757 433 830 478 1-2.
1170 432 1191 494 3

219 619 352 679 Fulviam,
367 620 472 669 sicariis
488 617 544 667 illis
557 620 639 667 ianua
651 618 794 682 prohibitis
806 618 920 669 insidias
932 618 1070 668 hominum
1083 619 1191 683 nequis·

219 709 346 756 simorum
358 705 462 754 vitavit.
476 705 561 754 Biduo
581 712 670 755 autem
688 712 749 768 post
766 707 800 767 (a.
819 706 844 753 d.
863 705 910 755 VI.
927 702 1055 769 IdNov.)
1068 708 1192 753 senatum

219 793 247 840 in
265 791 395 855 templum
412 790 485 839 lovis
506 789 620 838 Statoris
639 790 807 851 convocavit,
827 804 880 853 quo
900 790 980 839 etiam
993 788 1119 851 Catilina,
1138 804 1192 855 qua

220 882 277 926 erat
295 876 418 937 audacia,
437 867 493 924 ‘aut
506 874 694 923 dissimulandi
708 890 790 925 causa
802 881 849 925 aut
861 876 904 924 sui
916 875 1091 940 expurgandi,
1104 874 1193 925 sicubi

218 964 306 1027 iurgio
325 962 467 1011 lacessitus
486 957 566 1010 foret'
581 961 675 1010 venire
688 975 771 1010 ausus
790 966 838 1009 est.
863 962 949 1023 Quem
961 960 1009 1010 ubi
1022 959 1117 1010 Cicero
1130 976 1192 1010 con·

219 1049 313 1112 spexit,
338 1053 394 1096 tum
413 1061 476 1095 vero
494 1038 562 1095 ‘sive
580 1046 760 1110 praesentiam
779 1046 837 1095 eius
855 1048 962 1107 timens,
987 1046 1044 1095 sive
1063 1046 1103 1095 ira
1122 1060 1192 1095 com·

219 1132 315 1181 motns’
340 1132 574 1181 vehementissime
598 1134 627 1181 in
652 1146 715 1181 eum
740 1133 864 1180 invectus
885 1136 927 1180 est
951 1131 1097 1195 hecquae
1120 1130 1193 1181 inira

219 1217 325 1281 legitur,
339 1219 466 1267 oratione.
478 1244 514 1254 -
525 1217 588 1267 ‘Ubi
612 1216 660 1265 ille
678 1216 788 1277 assedit,
808 1215 935 1275 Catilina,
960 1221 991 1264 ut
1009 1221 1066 1265 erat
1082 1221 1192 1280 paratus

220 1303 255 1350 ad
273 1302 468 1352 dissimulanda
486 1303 584 1362 omnia,
604 1302 721 1351 demisso
740 1300 823 1366 voltu,
833 1317 900 1350 voce
919 1300 1036 1366 supplici
1054 1301 1192 1365 postulare

220 1403 236 1435 a
254 1387 375 1450 patribus
393 1388 489 1451 coepit,
508 1402 543 1435 ne
562 1386 627 1452 quid
646 1387 678 1435 de
698 1402 726 1435 se
746 1391 846 1435 temere
865 1385 1020 1449 crederent3
1039 1402 1072 1435 ea
1089 1386 1193 1437 familia

220 1478 315 1531 ortum,
334 1473 373 1521 ita
391 1486 419 1520 se
438 1471 471 1520 ab
485 1471 672 1521 adulescentia
684 1473 768 1519 vitam
786 1471 946 1531 instituisse,
965 1476 996 1519 ut
1013 1471 1105 1521 omnia
1121 1472 1192 1520 bona

219 1559 247 1605 in
266 1573 313 1622 spe
331 1557 455 1619 haberet,
479 1571 514 1605 ne
533 1556 733 1615 existimarent,
757 1556 823 1616 sibi,
846 1557 961 1619 patricio
980 1555 1098 1618 homini,
1116 1557 1192 1606 cuius

219 1643 303 1707 ipsius
322 1648 402 1707 atque
420 1643 553 1692 maiorum
571 1642 689 1705 plurima
711 1640 844 1690 beneficia
867 1642 895 1689 in
919 1641 1027 1705 plebem
1046 1642 1191 1692 Romanam

220 1732 315 1787 essent,
334 1726 440 1791 perdita
457 1741 487 1775 re
505 1724 618 1790 publica
636 1740 702 1789 opus
717 1740 784 1785 esse,
804 1741 865 1773 cum
878 1740 937 1775 eam
951 1732 1071 1775 servaret
1082 1727 1120 1775 Μ.
1130 1728 1192 1776 Tul-

219 1811 280 1870 lius,
297 1811 447 1876 inquilinus
465 1811 532 1859 civis
545 1810 621 1859 urbis
638 1810 750 1859 Romae.
776 1810 819 1859 Ad
836 1810 888 1859 hoc
905 1810 1053 1860 maledicta
1065 1811 1121 1860 alia
1133 1828 1193 1861 cum

219 1897 342 1956 adderet,
366 1896 522 1959 obstrepere
546 1910 653 1957 omnes,
677 1894 781 1944 hostem
806 1900 887 1959 atque
905 1895 1069 1959 parricidam
1087 1912 1195 1947 vocare.

218 1983 288 2031 Tum
311 1981 360 2029 ille
382 1978 543 2028 furibundus
566 1972 839 2043 “quoniamquidem
866 1980 1081 2029 circumventue”
1098 1982 1194 2045 inquit,

218 2066 268 2115 “ab
281 2066 398 2114 inimicis
410 2079 539 2129 praeceps
552 2079 626 2128 agor,
638 2063 794 2113 incendium
808 2079 896 2113 meum
909 2066 987 2113 ruina
1005 2066 1194 2129 restinguam.”

219 2151 324 2201 Deinde
343 2166 372 2200 se
391 2165 424 2199 ex
441 2154 537 2199 senatu
555 2148 663 2198 domum
680 2149 813 2214 proripuit
839 2153 865 2197 et
884 2154 962 2198 nocte
977 2150 1143 2215 intempesta
1160 2151 1194 2200 ad

219 2237 351 2287 Manlium
369 2235 503 2301 profectus
523 2233 579 2286 est'
608 2233 684 2298 (Sall.
703 2235 731 2283 b.
750 2234 808 2283 Cat.
827 2237 868 2285 31.
886 2235 939 2293 32.)

339 2337 413 2436 Quo
426 2394 531 2456 usque
546 2371 684 2436 tandem
696 2371 844 2451 abutere,
857 2369 1017 2452 Catilina,
1029 2375 1194 2455 patientie
1208 2385 1239 2437 ts

228 2475 367 2540 nostra?
390 2497 489 2560 quam
513 2474 570 2536 diu
586 2474 688 2536 etiam
703 2473 794 2536 furor
810 2475 874 2536 iste
889 2482 966 2536 tuus
983 2497 1044 2538 nos
1060 2475 1195 2540 eludet?

224 2577 521 2664 Qadfiriem
551 2598 624 2640 sese
660 2575 822 2639 effrenata
857 2575 999 2639 iactabit
1026 2577 1195 2642 audacia?

221 2680 356 2744 Nihilne
373 2691 406 2742 te
421 2687 621 2741 nocturnum
636 2677 842 2761 praesidium
857 2677 979 2760 Palati,
1002 2678 1086 2742 nihil
1102 2680 1193 2744 urbis

200 2783 370 2865 svigiliae,
386 2780 470 2844 nihil
483 2783 583 2844 timor
595 2779 720 2865 populi,
736 2779 821 2842 nihil
834 2801 1019 2843 concursus
1031 2781 1194 2845 bonorum

223 2887 385 2965 omnium,
414 2885 449 2946 ni
474 2883 497 2972 il
527 2883 585 2981 liic¹
610 2884 855 2982 mphitissimus
885 2881 1032 2946 habendi
1056 2894 1193 2947 senatus

222 2986 324 3067 locus,
346 2984 430 3048 nihil
473 2963 566 3049 drui'ri
583 2967 837 3066 o'r'a'vultusque
853 2983 1051 3047 moverunt?
1073 2986 1192 3050 Patere

220 3097 280 3150 tua
309 3073 546 3150 consilia‘non
577 3075 705 3149 sentis?
740 3088 959 3148 constrictam
987 3087 1192 3152 iamborum

221 3191 366 3254 omnium
400 3191 542 3252 scientia
575 3189 682 3252 teneri
713 3189 979 3252 coniurationem
1007 3198 1099 3252 tuam
1126 3213 1192 3254 non

187 3318 211 3357 re
220 3294 339 3357 vides?
368 3290 457 3371 Quid
477 3292 642 3374 proxima,
667 3290 747 3374 quid
764 3291 934 3373 superiore
949 3301 1048 3354 nocte
1072 3295 1192 3376 egeris,

220 3397 277 3461 ubi
293 3396 406 3476 fueris,
430 3415 512 3478 quos
528 3394 779 3472 convocaveris,
803 3391 883 3476 quid
899 3393 1031 3456 consilii
1054 3397 1192 3479 coperia,

221 3521 318 3584 quem
340 3507 491 3561 nostrum
515 3498 672 3578 ignorare
696 3493 899 3558 arbitraris?
936 3493 1149 3580 Otempora,
1173 3517 1213 3562 οι

220 3601 346 3664 moresl
385 3598 530 3663 Senatus
553 3598 637 3662 haec
660 3596 840 3679 intellegit,
865 3596 981 3660 consul
1006 3598 1114 3680 videt,
1137 3600 1191 3663 hio

222 3714 331 3768 tamen
355 3704 449 3767 vivit.
484 3700 604 3765 Vivit?
628 3701 727 3763 immo
751 3721 830 3763 vero
855 3701 957 3764 etiam
982 3702 1015 3764 in
1040 3710 1190 3764 senatum

1004 3801 1034 3848 12
