2817 4425
251 389 293 455 52
556 390 595 440 m
612 391 644 442 n.
663 391 862 441 oarnmln
879 390 917 438 1v

251 577 382 642 Etenim
398 579 427 642 si
441 579 478 643 P.
493 577 657 642 Lentulus
681 600 777 642 suum
799 599 918 642 nomen
941 577 1097 642 inductus
1121 601 1142 641 a
1164 601 1222 642 va-

250 679 340 744 tibus
363 679 469 745 fatale
492 679 537 744 ad
552 681 736 765 perniciem
751 681 801 744 rei
816 678 972 763 publicae
986 680 1057 745 fore
1079 683 1222 765 putavit,

250 804 310 848 cur
333 805 394 867 ego
417 805 484 848 non
507 782 624 864 laeter,
646 804 755 846 meum
778 781 988 846 consulatum
1011 781 1056 846 ad
1079 782 1224 846 salutem

249 886 363 972 populi
385 886 528 951 Romani
549 906 651 970 prope
673 883 812 948 fatalem
835 883 1030 948 exstitisse?

190 996 230 1052 2³
352 987 427 1069 Qua
442 1010 489 1069 re,
504 997 619 1072 patres
635 987 828 1070 conscripti,
843 985 1009 1050 consulite
1024 985 1244 1071 vobis,pro-s

249 1092 368 1176 spicite
378 1092 521 1175 patriae,
537 1097 736 1154 conservate
747 1109 818 1170 vos,
833 1088 1004 1171 coniuges,
1020 1087 1143 1153 liberos
1155 1090 1222 1154 for·

248 1201 414 1277 tunasque
426 1201 570 1273 vestras,
593 1190 706 1276 populi
720 1188 863 1254 Romani
878 1211 998 1253 nomen
1014 1189 1222 1276 salutemque

250 1292 435 1376 defendite,
457 1292 539 1356 mihi
560 1313 700 1376 parcere
716 1313 756 1355 ac
774 1291 815 1355 de
829 1313 883 1355 me
898 1293 1051 1373 cogitare
1067 1292 1221 1358 desinite.
1243 1372 1246 1378 y

247 1394 333 1460 Nam
354 1396 496 1478 primum
519 1393 622 1458 debeo
646 1416 791 1478 sperare,
815 1415 927 1458 omnes
952 1392 1043 1477 deos,
1065 1397 1122 1480 qui
1143 1394 1222 1461 huic

248 1495 322 1562 urbi
344 1497 549 1581 praesident,
571 1518 631 1582 pro
656 1519 693 1561 eo
717 1496 808 1578 mihi,
832 1519 872 1561 ac
894 1517 1033 1578 mereor,
1054 1498 1221 1563 relaturos
1231 1526 1257 1566 ιο

250 1620 322 1663 esse
334 1601 497 1681 gratiam,
514 1598 645 1682 deinde,
665 1602 693 1664 si
706 1599 787 1684 quid
799 1599 970 1682 obtigerit,
986 1621 1092 1684 aequo
1109 1601 1221 1665 animo

247 1711 432 1786 paratoque
449 1705 582 1768 moriar.
606 1703 692 1766 Nam
710 1724 818 1787 neque
833 1704 940 1787 turpis
956 1725 1044 1766 mors
1056 1703 1136 1767 forti
1146 1704 1221 1767 viro

247 1813 359 1889 potest
387 1805 544 1870 accidere
572 1826 679 1888 neque
707 1806 887 1868 immatura
916 1804 1085 1868 consulari
1113 1826 1221 1889 neque
1257 1884 1259 1889 Ι

218 1970 221 1974 ,
248 1906 371 1970 misera
395 1909 549 1992 sapienti.
592 1906 662 1970 Nec
685 1915 799 1970 tamen
823 1927 884 1989 ego
908 1929 981 1971 sum
1003 1907 1061 1971 ille
1083 1907 1221 1989 ferreus,

249 2008 305 2092 qui
327 2007 443 2071 fratris
466 2009 633 2071 carissimi
656 2016 757 2091 atque
780 2008 1004 2072 amantissimi
1030 2011 1254 2092 praesentisrs

247 2131 398 2200 maerore
426 2131 494 2173 non
523 2131 660 2173 movear
687 2109 869 2193 horumque
893 2111 1038 2174 omnium
1060 2109 1219 2193 lacrimis,

248 2239 268 2279 a
291 2212 411 2300 quibus
440 2235 492 2277 me
514 2214 770 2277 circumsessum
792 2211 926 2276 videtis.
970 2212 1085 2297 Neque
1111 2235 1220 2278 meam

247 2325 392 2382 mentem
415 2336 481 2377 non
499 2313 631 2378 domum
647 2336 749 2399 saepe
764 2323 902 2378 revocat
926 2316 1119 2379 exanimata
1134 2337 1221 2379 uxor

249 2428 282 2482 et
304 2416 439 2482 abiecta
460 2426 551 2480 metu
572 2416 643 2481 filia
667 2426 700 2480 et
723 2416 882 2501 parvulus
904 2418 1004 2498 filius,
1027 2439 1124 2502 quem
1139 2419 1220 2482 mihi

247 2519 381 2585 videtur
392 2517 549 2603 amplecti
564 2541 618 2583 res
633 2518 768 2604 publica
784 2531 955 2604 tamquam
969 2520 1120 2585 obsidem
1134 2542 1210 2584 con·
1224 2546 1252 2585 so

250 2619 379 2686 sulatus
395 2622 470 2702 mei,
486 2642 594 2705 neque
605 2621 671 2702 ille,
689 2622 745 2705 qui
761 2631 965 2706 exspectans
977 2621 1075 2686 huius
1092 2624 1219 2686 exitum

251 2724 318 2789 diei
329 2733 398 2789 stat
413 2724 448 2787 in
463 2732 644 2808 conspectu
658 2744 731 2787 meo
748 2743 860 2805 gener.
894 2722 1032 2787 Moveor
1051 2723 1104 2787 his
1119 2722 1218 2787 rebus

251 2826 412 2910 omnibus,
429 2825 538 2890 sedin
555 2848 628 2891 eam
639 2826 845 2914 partem„uti
858 2824 944 2888 salvi
962 2826 1028 2888 sint
1046 2825 1220 2890 vobiscum

251 2950 374 3012 omnes,
398 2930 499 2993 etiam
523 2930 551 2992 si
573 2949 626 3010 me
647 2929 698 2991 vis
722 2926 835 3011 aliqua
858 2927 1069 3010 oppresserit,
1097 2929 1219 3012 potius,

250 3053 350 3117 quam
366 3042 400 3096 et
415 3031 466 3094 illi
482 3039 514 3094 et
530 3052 592 3094 nos
608 3052 675 3093 una
690 3030 740 3093 rei
754 3027 910 3113 publicae
924 3040 1019 3112 peste
1033 3052 1253 3115 pereamusas

231 3132 379 3215 «Quare,
412 3142 526 3217 patres
555 3132 754 3216 conscripti,
788 3130 971 3197 incumbite
1004 3131 1050 3196 ad
1077 3133 1219 3198 salutem

249 3238 298 3301 rei
320 3235 492 3320 publicae,
516 3234 764 3319 circumspicite
787 3254 899 3298 omnes
922 3234 1104 3319 procellas,
1133 3256 1218 3320 quae

251 3338 452 3424 impendent,
475 3338 541 3401 nisi
560 3336 756 3421 providetis.
779 3337 854 3401 Non
866 3336 916 3400 Ti.
931 3333 1113 3419 Gracchus,
1130 3336 1218 3422 quod

252 3443 371 3505 iterum
388 3439 540 3504 tribunus
555 3438 664 3524 plebis
679 3440 754 3504 fieri
769 3439 883 3522 voluit,
906 3461 973 3503 non
984 3437 1021 3503 O.
1034 3437 1218 3522 Gracchus,

252 3543 341 3628 quod
363 3545 514 3627 agrarios
537 3545 708 3607 concitare
722 3553 864 3608 conatus
887 3552 948 3624 est,
969 3564 1036 3606 non
1049 3541 1090 3605 L.
1103 3538 1253 3607 Satur-so

251 3647 359 3727 ninus,
383 3644 522 3739 quod-O.
539 3644 730 3710 Memmium
748 3645 882 3723 occidit,
906 3648 939 3709 in
957 3644 1134 3709 discrimen
1157 3643 1217 3709 ali·
1236 3696 1238 3703 .
